1561 2473
205 185 267 216 444
679 181 854 208 Menaechmi.

206 279 302 315 video,
331 280 398 317 quis
421 279 482 307 haec
506 278 604 307 dicere
634 278 780 316 potnerit,
818 279 874 307 nisi
902 279 980 307 forte
1009 279 1129 308 tibicen.
1186 279 1327 308 Mendum

206 330 325 367 quidem
356 330 467 358 nullum
498 337 642 366 agnosco,
677 339 730 358 nec
760 329 961 366 Ladewigium
991 332 1074 368 sequi
1103 340 1244 368 possum,
1279 332 1329 368 qui

205 378 327 418 (Philol.
351 381 363 409 Ι
387 390 414 417 p.
441 378 516 416 295)
547 381 648 408 eiectis
676 380 722 408 his
750 390 842 409 unum
870 390 906 409 ex
935 380 1050 409 duobus
1081 382 1216 410 versibus
1245 381 1329 409 facit:

208 432 314 468 „Salus
344 433 382 460 mi
412 434 551 469 patrone3
587 429 666 467 [amo
695 429 748 467 ια]
780 431 836 460 Sed
867 435 1001 468 patrone,
1035 435 1063 460 te
1087 431 1242 467 obsecro“,
1279 436 1331 460 aut

205 483 415 516 lebacbium,
450 492 508 519 quo
538 485 659 511 auctore
688 482 738 510 R:
777 482 898 518 „Salue,
935 484 973 511 mi
1007 486 1141 520 patrone.
1173 492 1261 520 quom
1297 486 1330 511 tu

206 535 314 562 liberas
338 544 384 561 me
407 535 493 568 serio,
518 532 650 562 Gaudeo.
686 533 782 562 MEN.
807 533 903 562 Credo
928 534 1024 562 hercle
1048 533 1149 562 vero“.
1171 548 1213 552 —
1239 534 1328 562 1014.

204 582 284 613 mihi
307 585 441 613 nltimam
465 585 614 622 producit.
671 583 832 612 Fleckeis.:
871 584 960 619 „mihi
985 583 1142 622 imperes“‚
1178 584 1227 613 R.:
1266 584 1330 620 „No

206 637 302 664 minus
324 646 401 664 nunc
424 637 550 673 imperes
574 633 644 664 mi“.
679 649 721 654 —-
757 636 846 664 1015.
884 632 936 664 ted
963 636 1095 664 Guietus.
1131 651 1172 655 —
1206 633 1331 673 quando

205 684 275 722 ibis,
305 686 512 725 proficisceris,
543 696 581 715 sc.
607 685 780 722 Syracusas3
816 696 882 714 nam
907 686 1124 723 Syracusanum
1153 687 1328 716 arbitratur.

205 739 352 767 -1016,
377 736 522 767 Minume
545 738 706 776 respondet
729 737 938 773 Menaechmus,
963 739 1014 775 qui
1034 738 1163 767 alienum
1182 738 1330 767 hominem

207 790 235 818 in
259 790 377 818 domum
407 793 438 818 et
466 789 608 817 familiam
637 789 827 817 introducere
848 790 968 817 minime
992 790 1102 828 cupiat.
1148 790 1330 818 Messenioni

186 851 275 870 -vero
311 840 372 869 haec
405 851 464 869 non
500 841 669 877 aspernatio
699 840 818 868 videtur
849 840 900 868 sed
931 841 1092 876 modestia,
1127 841 1206 878 quod
1242 841 1330 869 herus

205 902 326 930 operam
350 895 380 921 et
401 891 532 920 officium
556 891 689 920 oblatum
714 901 772 920 non
795 892 896 919 statim
917 892 1052 930 accipiat.
1099 892 1144 920 Ad
1163 892 1217 921 hoc
1237 893 1330 928 igitur

205 953 262 972 non
285 943 461 981 respondet,
491 942 543 972 sed
573 943 725 971 confestim
749 943 900 981 promittit
923 953 954 972 se
977 946 1130 980 argentum
1155 943 1211 972 sibi
1235 943 1328 972 credi-

204 998 267 1024 tum
303 994 498 1023 redditurum.
561 993 729 1029 Acidalius‚
770 1003 858 1032 quem
892 994 926 1022 R.
962 995 1112 1032 sequitur,
1149 994 1329 1023 Messenioni

204 1047 304 1075 omnia
334 1047 509 1074 continuans
541 1045 648 1081 „Mane
671 1055 730 1080 me3
765 1054 842 1073 nunc
870 1044 937 1073 ibo“
969 1047 1097 1084 scripsit.
1133 1060 1174 1064 —
1207 1046 1241 1074 In
1263 1046 1328 1074 cod.

205 1097 366 1135 archetypo
390 1100 516 1135 propter
538 1097 650 1125 similes
675 1097 773 1125 exitus
796 1106 935 1125 versuum
964 1098 1043 1125 1017
1067 1100 1097 1125 et
1123 1098 1202 1126 1023
1227 1107 1329 1126 versus

207 1149 372 1177 1018—23
398 1158 488 1186 quum
513 1147 702 1182 excidissent,
726 1148 756 1175 in
781 1148 913 1185 margine
937 1147 1081 1185 adscripti
1106 1151 1199 1177 erant.
1258 1148 1329 1176 Inde

204 1201 234 1228 in
257 1202 427 1228 contextum
458 1199 534 1227 illati
565 1202 634 1228 sunt
657 1200 784 1236 primum
808 1208 901 1236 pravo
925 1199 990 1227 loco
1014 1202 1083 1236 post
1109 1200 1198 1234 1009,
1223 1199 1329 1228 deinde

204 1260 298 1289 prope
321 1260 389 1286 suo,
424 1251 443 1279 i.
469 1261 493 1279 e.
518 1254 585 1289 post
612 1250 707 1285 1024,
741 1259 798 1278 non
823 1252 891 1278 ante
914 1249 992 1279 hunc
1015 1259 1148 1285 versum;
1184 1252 1208 1279 is
1232 1253 1331 1291 autem

203 1312 304 1331 errore
328 1302 533 1330 animadverso
557 1311 611 1330 suo
636 1301 698 1330 loco
722 1301 810 1336 redit,
835 1311 861 1329 v.
886 1300 1025 1339 Spengel.
1050 1301 1148 1330 Plaut.
1171 1313 1200 1340 p.
1224 1303 1263 1331 49
1285 1312 1329 1340 sq.

204 1353 390 1382 Varietatem
425 1354 581 1390 scripturae
617 1362 753 1381 versuum
792 1353 957 1381 1018—23
994 1362 1028 1380 ex
1058 1354 1158 1389 priore
1188 1354 1252 1382 loco
1283 1354 1330 1382 hic

204 1404 334 1434 afferam.
367 1419 403 1424 —
444 1405 523 1433 1017
547 1414 590 1442 sq.
626 1401 844 1440 marsuppium
867 1411 935 1432 cum
956 1401 1079 1438 viatico,
1107 1405 1142 1432 cf.
1168 1404 1232 1433 Cas.
1257 1405 1328 1433 275.

205 1456 284 1485 Pers.
309 1458 379 1485 266.
415 1455 498 1484 Curc.
525 1456 574 1484 82.
617 1455 705 1484 Most.
729 1456 800 1484 242.
825 1469 865 1474 —
889 1452 947 1483 tibi
970 1456 1075 1484 ultima
1097 1455 1258 1494 productum
1293 1455 1328 1485 R.

207 1517 278 1545 „ego
307 1505 393 1536 tibi“.
429 1522 470 1526 —
508 1508 598 1536 1019.
623 1504 684 1542 ita3
718 1507 742 1535 B
772 1507 873 1544 priore
901 1507 982 1535 loeo:
1021 1506 1142 1542 „item“.
1188 1506 1259 1536 Mox
1289 1508 1328 1536 id.

207 1557 388 1594 „reddebo“‚
422 1560 441 1588 i.
466 1568 491 1587 e.
514 1555 640 1587 reddibo
662 1567 718 1596 pro
741 1558 878 1591 reddam.
915 1559 988 1586 mira
1012 1558 1122 1594 forma,
1158 1558 1210 1587 sed
1241 1567 1328 1596 quam

203 1609 330 1638 afferunt
342 1609 455 1638 Nonius
468 1619 497 1647 p.
512 1610 573 1638 476
594 1613 624 1638 et
641 1620 677 1638 ex
695 1609 722 1638 h.
737 1609 756 1638 l.
780 1613 810 1637 et
830 1619 865 1637 ex
877 1608 974 1637 Casin.
992 1610 1059 1645 129,
1085 1612 1115 1638 et
1134 1609 1274 1638 Priscian.
1290 1609 1329 1638 VI

204 1672 232 1699 p.
258 1662 319 1689 694
355 1664 384 1689 et
411 1661 482 1690 XIII
513 1672 541 1700 p.
573 1662 633 1690 959
669 1671 704 1689 ex
739 1660 902 1689 vidularia.
938 1675 978 1680 -
1014 1660 1085 1689 Post
1118 1661 1174 1690 hoc
1207 1661 1328 1689 verbum

204 1712 319 1747 hiatum
345 1713 377 1742 R.
404 1711 436 1741 Cu
460 1713 558 1748 addit3
581 1713 676 1751 possis
699 1713 787 1741 etiam
814 1711 936 1748 ‚,omne“
963 1712 1082 1741 addere.
1105 1727 1147 1732 —
1170 1720 1218 1741 me
1239 1719 1330 1741 ‘mam

204 1767 303 1793 exstat
325 1765 426 1802 priore
450 1764 524 1799 loco,
548 1765 604 1793 nisi
628 1764 707 1800 quod
730 1763 768 1792 B:
795 1762 941 1799 „mnme“.

293 1816 383 1844 1020.
419 1813 533 1844 Nimia
555 1813 653 1850 mira,
678 1825 704 1844 v.
730 1815 767 1843 ad
791 1814 898 1851 Amph.
924 1815 994 1844 610.
1040 1813 1133 1843 Codd.
1157 1824 1202 1852 pr.
1228 1815 1246 1843 l.
1270 1824 1327 1843 om.

207 1865 345 1902 „hodie“‚
369 1866 476 1895 deinde
500 1869 595 1895 recte:
620 1863 712 1895 miris
734 1863 843 1895 modis.
868 1880 909 1885 —
936 1867 1025 1894 1021.
1050 1862 1120 1894 Alii
1141 1873 1189 1894 me
1215 1865 1329 1903 neqant

204 1924 273 1946 eum
296 1924 378 1951 esse,
413 1915 468 1955 qui
491 1925 569 1946 sum.
626 1918 690 1946 Hoc
721 1918 857 1956 profecto
881 1927 966 1945 nemo
990 1919 1123 1954 negavit,
1159 1927 1212 1945 nec
1235 1926 1269 1945 es
1293 1916 1328 1945 de

204 1979 292 1998 causa
320 1969 456 1997 exclusus
480 1973 544 2003 est,
585 1969 636 1998 sed
666 1971 737 2007 quia
766 1969 876 1998 furtum
913 1970 1088 2004 comiserst5
1129 1978 1231 1997 versus
1268 1972 1328 1996 tam

204 2023 323 2059 ineptus
346 2023 400 2055 est,
425 2024 460 2048 ut
483 2030 602 2048 necesse
625 2022 665 2049 sit
688 2021 835 2049 eiiciatur.
892 2020 1042 2049 Intellexit
1065 2020 1119 2048 hoc
1142 2019 1274 2057 Langen.
1299 2019 1328 2047 in

205 2072 310 2100 Phiiol.
334 2071 419 2099 XXX
443 2082 472 2109 p.
497 2072 568 2100 435.
621 2072 731 2100 Ritsch.
757 2072 899 2099 orationis
927 2075 1041 2099 tuntum
1065 2072 1137 2100 vitio
1160 2073 1326 2108 Perspecto,

204 2123 275 2161 quia
310 2123 438 2152 alterum
474 2123 636 2152 membrum
671 2123 835 2152 desiderari
869 2122 1041 2157 videbatur,
1082 2121 1172 2150 talem
1209 2130 1326 2150 versum
