1596 2478
593 186 624 212 V.
644 188 788 214 328—356.
1200 190 1259 219 143

131 283 167 312 ab
196 283 256 320 igni
286 282 486 318 adsudascit“,
515 284 597 312 aliud
627 286 680 312 est.
740 283 837 318 Qum-e
869 283 943 319 „ad“
976 294 1031 322 pro
1055 283 1088 313 at
1115 285 1258 322 scriptum

131 334 274 369 arbitror,
303 335 381 371 quod
404 335 512 370 saepius
536 337 566 362 et
590 334 660 363 alibi
685 337 714 362 et
738 335 766 362 in
792 335 845 363 hoc
868 335 967 363 codIOe
991 332 1043 372 (B)
1067 336 1177 364 fuctum
1202 339 1258 371 est,

129 395 156 413 v.
181 385 263 413 Neue
294 384 442 413 Formenl.
468 385 495 413 II
524 395 553 423 p.
581 386 651 414 799.
710 386 767 413 Pro
805 385 958 420 ‚‚sudasis“
996 389 1094 414 nutem
1129 384 1260 415 sudabis

129 437 315 464 scribendum
340 439 391 464 est.
439 436 534 465 Senex
558 437 622 464 iure
646 446 764 464 servum
788 437 962 465 sudaturum
988 447 1051 466 esse
1070 437 1150 472 dicit,
1177 439 1260 466 cuius

130 488 250 516 fortuna
274 497 309 515 ex
332 491 411 515 sorte
435 496 579 525 suspensa
602 488 655 522 sit,
691 486 846 522 Chalinus,
879 489 929 525 qui
959 489 1090 517 nondum
1124 489 1259 517 intellex-

131 542 207 573 ernt,
238 548 336 566 senem
360 540 456 576 ipsum
481 548 582 566 amore
606 541 725 576 captum
749 548 829 573 esse,
859 548 917 566 non
946 542 1056 567 metum
1081 541 1142 568 eius
1166 541 1259 577 suspi-

130 594 225 625 catur,
247 590 300 618 sed
323 589 560 618 malevolentiam
585 590 730 626 queritur.
758 604 794 608 —
822 590 892 618 341.
923 589 1093 627 comprime,
1125 591 1160 618 cf.
1187 592 1259 620 230.

130 641 232 670 Ludus
257 641 418 676 obscenus,
453 650 520 668 nnm
552 638 627 668 (lare
657 641 762 668 cinaedi
792 643 847 669 est.
893 639 949 678 qai
978 639 1091 670 didicit
1113 642 1192 670 Cam.
1219 656 1256 662 -

132 694 202 721 342.
226 689 368 721 animum
391 689 556 727 aduortite,
582 692 617 720 cf.
645 692 715 720 372.
773 691 831 720 Sed
861 701 892 720 se
922 693 1115 730 interrumpit
1139 696 1167 721 et
1191 696 1259 722 ante

131 753 217 781 quam
247 745 337 772 sortis
367 743 532 781 periculum
557 742 644 778 facit,
679 743 790 778 denuo,
820 742 892 780 quid
915 752 1018 780 preces
1048 744 1180 778 valeant,
1211 754 1259 772 ex-

129 795 254 831 peritur.
274 809 314 813 —
335 795 405 823 343.
429 790 542 831 Atque.
567 793 660 832 Gepp.
678 792 900 831 ,‚Quamquam“
921 794 976 827 ed„
1001 794 1136 830 Seyffert.
1151 795 1258 824 Philol.

129 845 242 873 XXVII
273 855 302 883 p.
327 846 388 874 436
416 846 564 882 „Atqui‘·;
600 845 651 873 sed
675 855 701 873 v.
727 845 764 873 ad
789 846 909 874 Trucul.
939 847 1006 874 195.
1039 860 1079 865 -—-
1107 854 1155 874 ‘me
1178 846 1258 875 Cam.

130 911 170 916 —
195 897 264 925 344.
290 894 384 931 mihi,
413 898 529 925 animus
554 906 654 924 amore
677 896 870 934 perturbatus
893 896 1056 925 identidem
1080 897 1204 925 ridicule
1228 907 1259 926 se

129 949 237 984 arguit.
260 963 295 967 —
323 949 394 977 345.
419 944 556 982 daretur,
582 957 608 976 v.
634 947 670 976 ad
693 948 762 976 114.
789 963 825 966 -
852 946 943 983 enim,
969 948 1005 975 cf.
1027 948 1096 977 302.
1121 963 1162 967 -—
1187 949 1259 977 346.

129 999 200 1028 Post
218 996 308 1035 cupio
327 1000 474 1027 sententia
493 1000 738 1036 interrumpitur3
763 999 944 1027 titubantem
964 1000 1096 1035 linguam
1116 1009 1259 1028 excusare

130 1053 262 1079 conatur.
296 1065 332 1069 ——
365 1051 435 1079 347.
465 1046 526 1079 Pol
554 1048 587 1078 tu
616 1047 741 1086 quidem
771 1060 829 1078 non
854 1051 949 1078 solum
973 1051 1030 1078 iam
1055 1051 1166 1078 dudum
1190 1061 1259 1088 per-

130 1111 229 1139 peram
254 1101 396 1129 fabularis
419 1102 466 1130 vel
489 1101 641 1129 fabulatus
666 1112 705 1136 es,
730 1101 781 1130 sed
805 1102 895 1129 etiam
920 1111 997 1129 nunc
1021 1101 1099 1129 idem
1118 1102 1200 1130 facis.
1221 1117 1257 1120 —

128 1153 201 1181 Post
223 1153 301 1181 hunc
325 1162 443 1181 versum
460 1152 547 1181 Both.
562 1152 655 1190 Gepp.
670 1162 716 1181 vv.
732 1153 876 1181 350—51
898 1155 1072 1189 posuerunt,
1097 1153 1149 1181 sed
1173 1156 1206 1181 ut
1228 1154 1259 1181 in

129 1205 222 1233 altero
245 1213 333 1232 versu
360 1202 464 1239 ,‚huic“
491 1203 635 1232 delerent.
662 1219 698 1223 —
726 1204 797 1232 348.
821 1201 910 1238 redii,
936 1204 1069 1239 ridicule,
1093 1204 1144 1232 ubi
1168 1215 1259 1242 quum

129 1257 256 1284 maxime
279 1257 390 1293 peccat.
446 1262 552 1284 ueram
577 1255 615 1291 B,
650 1257 684 1283 ut
713 1265 771 1283 non
800 1265 875 1293 opus
904 1256 944 1283 sit
971 1254 1178 1292 Joergenseuii
1201 1257 1258 1284 mei

129 1308 299 1335 coniectura
331 1306 495 1342 „redieram
519 1309 571 1335 uix
593 1307 624 1334 in
647 1306 759 1334 uiam“.
806 1306 849 1335 Cf.
875 1307 947 1336 448.
972 1320 1014 1325 -—
1039 1307 1109 1335 349.
1134 1307 1179 1335 Ab
1203 1303 1260 1335 Ita

128 1356 167 1394 fit
189 1358 251 1387 eod.
276 1358 299 1386 B
323 1359 401 1386 senis
424 1357 515 1385 verba
543 1358 663 1395 incipit,
693 1358 706 1386 I
731 1361 761 1386 et
783 1357 818 1392 E,
850 1358 929 1395 quod
961 1359 1060 1386 nescio
1091 1368 1162 1386 num
1192 1359 1257 1386 iure

128 1409 327 1447 praetulerim,
363 1419 379 1437 a
407 1409 542 1445 proximo
572 1419 668 1437 versu.
707 1423 742 1428 —
781 1410 851 1438 350.
890 1408 955 1444 tuo,
986 1410 1073 1438 uxori
1102 1409 1259 1438 blandiens

129 1460 266 1488 concedit
289 1461 352 1488 eius
370 1461 415 1488 ius
434 1470 506 1494 esse,
526 1463 560 1488 ut
577 1460 713 1488 ancillam
732 1460 866 1495 collocet,
892 1461 928 1488 cf.
947 1460 1031 1498 Capt.
1047 1461 1117 1489 243.
1154 1461 1256 1489 Madv.

129 1512 166 1540 nd
190 1511 248 1540 Cic.
273 1511 338 1540 Fin.
358 1511 392 1546 V,
413 1512 461 1545 25,
484 1512 532 1540 75.
577 1511 704 1539 Pistoris
733 1514 903 1540 coniectura
929 1510 1020 1547 „suo“
1047 1522 1064 1539 a
1086 1512 1188 1540 multis
1212 1522 1258 1540 re-

129 1566 215 1600 cepta
237 1572 332 1600 prava
355 1565 408 1591 est.
429 1577 466 1581 —
494 1563 564 1591 351.
588 1569 656 1591 mea
679 1559 790 1597 mulsa,
815 1563 851 1591 cf.
871 1563 907 1590 aul
927 1563 1018 1591 Stich.
1035 1564 1105 1592 753.
1125 1578 1166 1582 ———
1186 1564 1257 1592 352.

131 1610 277 1643 Gratiam
299 1609 412 1649 facias,
437 1614 473 1642 cf.
487 1613 524 1642 ad
537 1613 626 1642 Most.
645 1614 734 1642 llll.
756 1628 794 1633 —
815 1621 932 1650 censeo,
958 1624 984 1642 v.
1005 1614 1042 1642 ad
1061 1614 1168 1652 Amph.
1183 1616 1258 1643 959.

130 1681 170 1685 —
206 1666 275 1694 353.
311 1665 460 1700 Lacunas,
496 1675 561 1703 quae
595 1665 625 1692 in
659 1665 683 1693 B
718 1668 854 1694 accurate
889 1666 1071 1700 indicantur,
1106 1666 1260 1703 supplevit.

128 1717 256 1745 Weisius
283 1715 452 1751 ‚,diuidam“
483 1719 514 1744 et
545 1715 692 1754 ,‚Ecquis“
719 1717 864 1752 scribens,
901 1727 955 1754 ego
975 1715 1116 1754 partiam
1150 1714 1191 1753 (v.
1216 1716 1254 1745 ad

128 1769 210 1797 Asin.
242 1766 316 1802 269)
347 1770 378 1796 et
406 1765 496 1796 Num
524 1765 606 1805 quis.
661 1767 772 1806 Gepp.:
811 1769 917 1803 „sortis
947 1769 1097 1806 utrimque
1126 1769 1259 1804 insignes

127 1819 264 1848 faciam“.
297 1833 334 1837 —
367 1820 436 1855 355,
467 1819 497 1846 in
521 1819 627 1847 ceteris
651 1818 736 1847 codd.
762 1820 902 1855 omissus,
937 1819 1049 1857 legitur
1071 1820 1102 1847 in
1125 1820 1259 1856 margine

129 1870 194 1899 cod.
218 1870 252 1905 B,
277 1873 367 1907 atque
391 1870 481 1898 etiam
504 1870 535 1898 in
554 1869 578 1897 D
602 1873 678 1898 teste
697 1869 823 1898 Goetzio
840 1871 974 1899 Analect.
995 1880 1022 1908 p.
1039 1870 1087 1898 74.
1132 1870 1260 1898 Addidit

129 1925 159 1950 et
189 1921 340 1959 supplevit
363 1920 559 1949 Camerarius.
596 1935 634 1940 —
671 1922 742 1950 356.
782 1918 862 1950 Tene
893 1924 948 1950 cet.
974 1921 1145 1959 Olympioni
1175 1921 1258 1949 dicit.

129 1972 204 2001 Eum
238 1972 321 2000 iubet
353 1973 468 2009 signum
497 1973 642 2010 inspicere
671 1975 702 2000 et
729 1982 784 2010 pro
814 1982 868 2001 suo
891 1972 1009 2001 habere.
1067 1972 1189 2009 Signum
1214 1975 1261 2001 est

131 2026 229 2052 autem
251 2030 364 2059 unum,
399 2024 418 2051 i.
443 2033 468 2052 e.
490 2024 584 2059 μονάς.
640 2023 731 2059 Tum,
767 2024 792 2051 si
820 2024 968 2061 scriptura
997 2033 1081 2058 sana,
1117 2023 1259 2051 Chalinus

129 2075 306 2112 inquitatem
329 2075 474 2112 queritur,
504 2074 584 2112 quod
608 2075 695 2103 alteri
719 2075 802 2112 prior
825 2084 966 2103 numerus
989 2075 1077 2103 datus
1101 2077 1155 2103 est.
1201 2073 1259 2103 Sed

129 2126 255 2154 fortasse
278 2130 360 2154 recte
388 2125 573 2164 Geppertus:
606 2125 696 2161 „data
719 2123 795 2154 est“.
846 2126 949 2154 Malim
974 2129 1087 2154 tamen:
1115 2125 1257 2162 „Iniquos

130 2186 170 2213 es,
193 2177 263 2214 quia
280 2177 332 2204 isti
349 2177 434 2215 prius
453 2186 542 2214 quam
560 2176 632 2204 mihi
650 2175 734 2204 das“.
770 2176 967 2206 Personarum
984 2177 1104 2205 nomina
1126 2176 1258 2204 editores
