1596 2478
309 168 368 198 168
822 166 912 193 Plauti
1232 167 1259 201 1,
1277 168 1303 200 2,
1322 168 1422 195 33—-47

757 260 968 293 Peniculus

1075 315 1137 348 Ubi
1161 316 1264 348 essuri
1288 316 1420 348 sumus?

724 385 757 417 M
765 396 782 418 e
790 396 810 417 n
818 395 838 417 a
844 396 861 417 e
869 395 887 416 c
894 385 916 417 h
922 396 953 416 m
961 396 981 418 ιι
990 396 1004 418 s

307 439 366 471 Dic
391 439 487 472 modo
511 439 580 478 hoc,
605 439 692 480 quod
715 450 775 480 ego
798 443 830 471 te
853 439 958 472 iubeo.

755 510 973 543 Peniculus

841 565 936 596 Dico:
963 564 1086 604 „Homo
1110 565 1352 606 lepidissume“.
1375 575 1422 600 150

724 635 756 667 M
764 645 781 667 e
791 646 810 666 n
818 645 838 667 a.
845 646 862 667 e
869 645 887 667 c
894 635 916 666 h
924 646 956 667 m
963 646 983 667 u
990 646 1005 668 s

306 688 432 730 Ecquid
456 689 558 721 audes
582 689 621 722 de
644 693 701 722 tuo
724 690 810 722 istuc
832 689 952 722 addere
960 689 976 721 ¹?

757 760 974 793 Peniculus

1033 815 1160 857 „Atque
1183 815 1422 847 hilarissume“.

725 875 756 906 M
767 884 784 906 e
792 885 812 906 n
819 884 862 906 ae
871 885 888 906 c
897 874 956 906 hm
963 885 983 906 u
993 885 1008 906 s

306 928 408 969 Perge
424 938 530 969 porro.

758 988 976 1021 Peniculus

585 1042 658 1075 Non
681 1053 779 1083 pergo
802 1042 922 1080 hercle,
946 1043 1010 1075 nisi
1033 1043 1112 1079 scio,
1135 1053 1200 1084 qua
1222 1043 1338 1083 gratia.

309 1097 462 1137 Litigium
485 1096 546 1129 tibi
569 1100 620 1128 est
643 1107 715 1128 cum
738 1107 855 1136 uxore;
879 1107 917 1128 eo
942 1097 1021 1128 mihi
1038 1097 1098 1129 abs
1116 1100 1149 1128 te
1167 1107 1267 1128 caueo
1286 1097 1424 1129 cautius.

726 1168 759 1200 M
767 1178 783 1199 e
790 1179 811 1199 n
819 1178 838 1199 a
846 1179 862 1199 e
872 1178 889 1199 c
897 1168 917 1199 h
925 1179 956 1199 m
964 1179 984 1200 u
993 1178 1007 1200 s

309 1222 399 1254 Clam
418 1233 550 1254 uxorem
569 1226 619 1255 est
635 1222 691 1254 ubi
709 1222 820 1264 pulcre
838 1222 1016 1254 habeamus
1034 1225 1134 1263 atque
1152 1222 1237 1253 hunc
1255 1221 1424 1254 combura-

1021 1287 1092 1308 mus
1115 1276 1209 1308 diem.

759 1348 976 1380 Peniculus

309 1404 376 1443 Age
399 1413 477 1434 sane
502 1403 610 1442 igitur,
635 1403 766 1443 quaudo
789 1413 927 1443 aequom
951 1413 1040 1439 oras,
1070 1412 1168 1442 quam
1193 1412 1266 1434 mox
1289 1401 1426 1434 incendo

1022 1457 1157 1496 rogum?
1378 1465 1426 1490 155

311 1512 387 1543 Dies
410 1511 544 1552 quidem
567 1511 632 1542 iam
656 1511 698 1542 ad
722 1510 912 1542 umbilicum
936 1515 987 1542 est
1011 1510 1200 1542 dimidiatus
1223 1513 1380 1542 mortuus.

733 1581 1002 1613 Menaechmus

309 1637 353 1669 Te
377 1646 516 1674 morare,
540 1636 619 1668 mihi
642 1647 739 1678 quom
763 1636 950 1677 obloquere.

761 1713 978 1745 Peniculus

918 1766 1055 1799 Oculum
1078 1767 1220 1799 ecfodito
1242 1777 1299 1807 per
1322 1766 1427 1797 solum

311 1820 399 1859 Mihi,
424 1820 644 1859 Menaechme,
669 1821 695 1853 si
714 1821 815 1853 ullum
835 1822 971 1853 uerbum
990 1822 1074 1859 faxo,
1099 1822 1160 1853 uisi
1179 1821 1265 1862 quod
1284 1821 1426 1852 iusseris.

381 1941 429 1966 150
447 1948 502 1973 quo
522 1939 549 1966 B
613 1940 675 1966 ibeo
695 1940 716 1966 C
779 1942 823 1967 15l
845 1940 881 1966 Et
900 1940 966 1973 quid
987 1940 1009 1967 C
1067 1941 1144 1974 atqui
1208 1941 1255 1966 152
1273 1948 1358 1974 porro
1377 1948 1427 1966 om.

315 1983 360 2008 153
379 1982 513 2008 Litidium
591 1992 686 2009 uxore.
706 1983 742 2009 M.
764 1992 788 2010 o.
808 1983 844 2016 B,
864 1992 948 2009 uxore
967 1983 1003 2009 oh
1024 1982 1045 2009 C'
1121 1985 1168 2009 154
1188 1992 1302 2009 uxorem
1323 1983 1369 2008 ubi
1389 1991 1427 2008 se-

311 2025 455 2059 pulchrum
511 2025 659 2053 combura.
671 2027 693 2052 is
712 2025 748 2057 Β,
767 2030 782 2053 ὃ
801 2026 922 2052 burnaus
935 2025 957 2052 0
1010 2028 1057 2052 155
1076 2026 1197 2053 iucundo
1217 2025 1243 2052 Β
1298 2027 1344 2051 157
1363 2026 1427 2052 Pcr-

310 2076 442 2094 sonarum
459 2072 527 2095 ποια
545 2076 596 2095 om.
693 2068 732 2095 Ne
751 2068 778 2095 Β
874 2069 940 2101 quiu
960 2067 994 2095 B.
1015 2076 1096 2101 quam
1116 2067 1139 2094 C
1231 2068 1358 2095 occulum
1378 2068 1428 2094 hec

312 2111 402 2136 fodito
422 2110 449 2136 Β
