1596 2478
304 173 364 203 302
774 171 950 198 Mostellaria.

393 271 415 297 l.
464 265 662 297 Manmnisit.
707 267 830 296 Plautus
863 278 967 302 „manu
991 267 1141 296 amitte&
1168 268 1297 302 dicebat,
1333 279 1359 297 v.
1383 269 1419 296 sd

302 320 368 348 Aul.
384 321 454 348 809.
468 334 508 338 —-
527 320 554 347 4.
579 319 730 354 monstra,
757 320 791 348 cf.
806 321 876 348 495.
896 334 936 339 —
954 316 1026 355 fieri
1045 319 1188 348 Gruterus
1213 329 1282 354 em.;
1305 319 1417 348 Csmer.

305 373 365 407 „ait
387 369 503 399 uideri“
530 370 674 398 ediderat.
705 385 745 389 ——
775 373 802 399 5.
831 368 954 408 pridem
978 371 1061 399 Both.
1091 381 1144 399 em.
1171 370 1290 398 Hiutum
1314 371 1342 398 in
1366 380 1418 399 cae-

300 431 456 459 suralnon
489 422 584 449 ferens
609 421 719 450 Ritsch.
748 420 846 457 „esse“
879 421 1016 451 addebat.
1055 437 1094 441 —
1129 424 1155 450 7.
1192 418 1306 450 Ludos
1343 422 1417 451 Edd.

302 473 370 501 inde
395 472 431 500 nb
454 472 599 500 saraceno
623 477 653 500 ot
677 473 728 502 Pio
751 473 886 510 plerique
911 472 1047 508 „ludus“.
1101 473 1156 502 Sed
1182 473 1280 502 Latini
1311 474 1418 512 plurali

301 534 424 552 numero
459 523 595 552 dicebant
629 523 716 552 ludos
750 523 846 552 facere
880 524 1022 561 aliquem.
1061 524 1118 552 vid.
1151 524 1187 552 ad
1211 525 1317 562 Amph.
1344 525 1418 559 567;

302 576 418 612 passive
452 576 544 612 igitur
581 573 680 606 „ludi“
718 574 872 603 dicendum
907 577 979 603 erat.
1036 575 1232 612 Antiquitatis
1266 576 1420 604 aemulator

302 626 372 663 quid
396 626 452 654 sibi
475 627 654 664 permiserit,
677 627 821 654 incertum
846 630 898 654 est.
923 641 964 645 —-
994 633 1065 654 nam
1088 625 1229 655 mutuum
1253 630 1318 662 cet„
1351 629 1368 655 i.
1393 637 1417 656 e.

303 687 367 705 nam
397 677 506 706 Tranio
536 677 610 705 dicit
639 677 746 714 pignus
773 687 794 705 s.
826 677 1019 706 arrhabonem
1051 679 1158 716 emptis
1181 678 1293 707 aedibus
1317 678 1418 707 datum

302 739 332 756 se
356 739 373 757 a
395 729 570 757 faeneratore
595 732 727 757 mutuum
751 730 918 767 sumpsisse.

388 883 568 920 Principium
602 882 710 911 fabulae
738 883 902 911 convicium
931 886 976 910 est
1004 882 1172 911 Grumionis
1202 887 1232 912 et
1254 884 1418 919 Traniouis‚

303 936 405 963 rustici
429 938 458 962 et
480 935 585 962 urbani
608 935 685 962 servi
709 944 834 971 quorum
858 934 908 962 ille
931 944 999 962 rure
1022 936 1172 972 profectus
1196 945 1230 963 ea
1253 945 1318 973 quae
1342 935 1419 963 vinae

303 996 377 1024 opus
400 989 470 1014 sunt
492 985 623 1023 flagitat,
655 985 700 1013 hic
732 986 760 1013 in
785 986 882 1013 culina
906 995 984 1013 cenae
1008 995 1128 1023 operam
1152 986 1223 1015 dans
1246 987 1420 1015 scurrilibus

302 1038 375 1066 iocis
398 1047 463 1066 eum
488 1037 573 1071 ludit,
609 1037 658 1064 ille
687 1036 749 1064 heri
779 1039 982 1074 corruptorem
1012 1038 1184 1075 gravissime
1207 1042 1339 1074 accusat.
1374 1038 1420 1067 hic

303 1089 427 1125 agrestis
450 1089 577 1117 hominis
599 1088 702 1116 sordes
725 1091 755 1116 et
778 1089 971 1116 rusticitatem
996 1090 1136 1126 exagitat.

391 1141 415 1168 1.
451 1136 554 1169 culina
586 1138 717 1176 „colinn“
750 1139 892 1167 scribitur
921 1150 937 1167 a
966 1139 1062 1168 Nonio
1092 1151 1118 1178 p.
1145 1142 1181 1169 55
1214 1151 1248 1169 ex
1280 1141 1420 1169 Varronis

304 1192 488 1226 auctoritate,
523 1192 605 1219 cuius
628 1190 717 1219 verba
748 1189 849 1218 affert:
887 1191 933 1225 „in
962 1191 1078 1228 postica
1108 1195 1193 1229 parte
1222 1196 1287 1220 erat
1315 1193 1420 1227 colina,

304 1243 381 1270 dicta
404 1242 440 1270 ab
465 1252 498 1270 eo
522 1242 600 1280 quod
625 1243 665 1269 ibi
690 1241 826 1270 colebant
849 1241 977 1279 ignem“.
1029 1242 1118 1271 Cuius
1140 1246 1200 1271 tam
1225 1243 1420 1273 derivationis

303 1303 390 1331 quam
414 1295 570 1331 scripturae
594 1294 754 1321 auctoritas
777 1303 867 1331 penes
891 1293 1051 1322 Varronem
1075 1295 1129 1329 sit;
1159 1303 1214 1331 ego
1244 1305 1261 1322 n
1288 1295 1419 1324 codicum

303 1346 460 1382 scriptura,
494 1354 558 1382 quae
587 1345 688 1373 eadem
718 1345 847 1380 vulgaris
871 1347 916 1372 est
939 1342 989 1377 (cf.
1012 1344 1088 1373 Non.
1113 1355 1141 1383 p.
1167 1344 1252 1381 239).
1285 1346 1421 1375 recedere

305 1397 382 1425 nolo.
408 1411 443 1415 —
463 1398 480 1424 2
505 1395 589 1424 affert
608 1395 721 1424 Nonius
745 1396 796 1424 1.l.
815 1410 857 1414 —
875 1394 1024 1431 amunia-3,
1050 1397 1084 1424 cf.
1100 1396 1203 1424 Bacch.
1221 1398 1288 1425 125.
1313 1398 1418 1436 Amph.

307 1449 375 1476 345.
410 1447 530 1475 Trucul.
555 1448 614 1475 488
638 1457 681 1484 sq.
706 1461 746 1466 —
771 1448 798 1475 4.
827 1444 907 1481 ruri,
938 1457 996 1484 quo
1020 1457 1084 1475 eum
1109 1458 1201 1485 poenae
1229 1459 1316 1477 causa
1339 1449 1418 1477 able-

304 1502 405 1536 gatum
428 1500 464 1527 iri
488 1501 615 1534 augurat
638 1508 663 1526 v.
693 1499 738 1526 16.
765 1513 804 1516 —
829 1500 855 1526 5.
881 1498 926 1526 Ex
949 1502 1087 1536 corrupta
1111 1499 1243 1527 codicum
1273 1501 1421 1537 scripturn

303 1548 413 1579 nidore
435 1547 579 1587 &apinam
597 1549 722 1586 Pylades
741 1549 877 1577 effecerat
902 1549 1007 1584 „nidor
1029 1560 1044 1578 e
1068 1549 1195 1585 culina“,
1221 1551 1299 1588 quod
1323 1555 1419 1589 poste-

304 1603 398 1630 riores
421 1604 582 1630 tenuerunt
605 1598 726 1638 (Loewe
744 1602 772 1629 in
785 1600 934 1629 Analectis
951 1611 980 1639 p.
995 1602 1069 1630 215:
1097 1601 1201 1636 „nidor
1224 1612 1238 1629 e
1262 1601 1419 1640 pupina“),

305 1662 481 1690 quamquam
514 1651 637 1688 ,‚nidor“
671 1653 858 1680 maledictum
893 1653 1011 1680 minime
1040 1654 1101 1680 veri
1131 1653 1224 1681 simile
1247 1656 1300 1681 est.
1358 1654 1419 1682 Rit-

305 1704 429 1733 schelius
453 1707 570 1732 retento
593 1711 674 1739 nam,
701 1703 779 1741 quod
803 1713 871 1732 sane
895 1703 968 1732 nihil
993 1703 1074 1731 dubii
1094 1703 1192 1738 habet,
1217 1714 1242 1732 v.
1262 1705 1299 1733 ud
1312 1705 1418 1742 Amph.

306 1756 375 1790 548,
407 1755 579 1784 dubitanter
611 1754 818 1792 „nidoricape“
851 1755 975 1783 coniecit
1001 1759 1051 1789 „ut
1074 1755 1259 1790 κνισοδιώκτης
1283 1757 1310 1784 iu
1334 1756 1417 1793 Myo-

305 1805 589 1835 batrachomachia‘*.
643 1805 714 1834 Mihi
739 1806 796 1833 alia
819 1807 866 1834 vin
890 1805 1052 1834 insistenda
1076 1806 1207 1841 videtur3
1231 1817 1318 1844 quum
1343 1809 1418 1836 enim

305 1868 415 1886 caesura
438 1867 540 1886 versus
562 1854 637 1885 nido
659 1859 788 1892 tueatur,
811 1858 840 1885 iu
863 1858 1010 1894 corruptis
1034 1857 1144 1885 litteris
1164 1857 1233 1885 RE.
1249 1857 1338 1886 CUPI
1357 1860 1419 1886 avis

305 1919 410 1937 nomen
434 1908 621 1946 quaerendum
647 1911 705 1943 est3
741 1909 839 1945 itaque
867 1905 984 1936 uolluri
1013 1909 1130 1945 scripsi,
1167 1909 1249 1936 cuius
1273 1910 1418 1938 voracitas

304 1970 358 1997 pro
381 1960 540 1998 proverbio
564 1962 636 1994 erat,
661 1959 696 1987 cf.
715 1959 800 1997 Capt.
821 1960 891 1988 838.
927 1959 1045 1988 Trucul.
1067 1960 1142 1988 334:
1169 1961 1270 1997 „quasi
1295 1960 1416 1989 uolturii

304 2011 404 2039 triduo
428 2011 513 2039 Prius
537 2010 746 2048 praediuinant
769 2010 804 2038 de
828 2011 915 2048 quoio
939 2011 1016 2038 esuri
1040 2009 1146 2039 sient“.
1191 2011 1271 2039 Trin.
1300 2012 1366 2040 102.

390 2064 417 2090 ὓ.
454 2062 513 2090 Iam
533 2064 670 2089 evocatus
688 2061 796 2089 Tranio
814 2062 882 2090 exit.
919 2059 1122 2090 clamitatiost
1138 2065 1203 2098 post
1219 2062 1416 2090 Camerarium

305 2110 540 2150 („clamatiost‘¹)
560 2123 614 2141 em.
628 2113 788 2140 Acidulius.
823 2112 865 2140 Cf.
881 2113 928 2140 33.
944 2113 1002 2140 369
1018 2115 1048 2140 et
1065 2116 1163 2140 annot.
1177 2112 1213 2140 ad
1227 2113 1332 2150 Amph.
1347 2115 1415 2142 515.
