1596 2478
612 187 643 212 V.
662 188 804 214 222—258.
1213 191 1231 220 3
1239 192 1275 220 19

237 283 308 310 242.
347 282 453 310 Altera
481 292 575 311 scenae
604 294 674 322 pars
703 284 864 312 trochaicis
887 285 1064 322 septenariis
1087 285 1198 322 scripta
1221 288 1274 313 est.

149 332 306 370 Speculum
342 334 437 369 poscit
471 336 501 360 et
529 335 659 362 arculam
690 345 755 363 cum
784 335 922 368 armillis,
957 334 1115 363 monilibus
1149 336 1275 373 aliisque

147 384 328 412 ornamentis
347 385 446 412 aureis
458 380 546 420 (276)
565 385 690 413 ornandi
709 396 805 414 causa.
828 401 863 404 —
885 387 944 414 243
969 383 1047 414 siem
1067 386 1152 414 Both.
1172 396 1275 415 versus

147 444 251 468 causa3
276 434 310 462 R.
339 435 515 468 ,‚adueuiat·‘
544 437 657 465 maluit.
684 451 720 455 -—
755 438 825 465 244.
856 434 976 465 Mulier
999 444 1116 474 quae..
1132 434 1189 472 .ei,
1215 437 1273 466 vid.

147 486 183 514 ad
207 486 313 523 Amph.
343 486 432 514 1002.
468 486 583 515 Camer.
607 497 662 515 em.
687 502 726 506 —
753 489 823 516 245.
848 488 988 526 Speculo,
1013 489 1124 525 inquit,
1150 489 1176 516 ei
1199 498 1275 526 opus

146 539 207 572 est,
241 546 305 574 quae
335 537 370 564 de
399 538 622 574 pulchritudine
645 548 699 566 sua
722 539 860 567 dubitare
884 540 996 576 possit,
1032 549 1090 567 non
1114 539 1185 574 tibi;
1221 550 1274 569 nec

146 589 221 616 euim
245 591 278 615 tu
302 588 339 616 ad
362 589 514 626 speculum
538 589 684 626 exigenda
707 600 753 624 es,
786 591 836 618 sed
861 590 1010 627 speculum
1036 590 1073 618 ad
1096 592 1176 619 tuam
1201 593 1274 619 ima-

145 640 251 676 ginem.
305 639 399 675 Nugae
421 639 466 667 hae
489 644 572 675 sunt,
609 641 661 669 sed
685 651 741 669 non
767 643 859 678 magis
883 651 970 678 quain
995 642 1060 669 aliae
1083 641 1204 678 Scaphae
1229 652 1273 670 ar-

146 691 253 726 gutiae,
288 701 314 718 v.
343 692 401 718 155
433 695 463 719 et
494 692 563 720 253.
622 692 681 720 Leo
711 692 825 720 confert
849 692 993 727 Meleagr.
1019 692 1054 720 A.
1079 692 1109 720 P.
1137 693 1168 728 V,
1197 694 1272 721 143:

146 742 160 768 ὗ
189 743 319 776 στέφανος
348 742 411 777 περὶ
441 744 517 778 κρατὶ
546 745 703 779 μαραίνεται
732 744 903 779 ἹΙλιοδώρας*
933 743 999 777 αΐτὶ,
1027 743 1051 769 δ’
1075 745 1204 780 ἐκλάμπει
1227 746 1274 772 τυῖι

146 794 279 828 στεφάνου
303 794 442 828 στέφανος.
463 809 502 812 -
527 802 605 831 quae
629 793 700 829 tute,
724 796 742 823 i.
763 806 786 822 e.
807 804 872 832 quae
896 797 968 832 ipsa,
993 795 1029 822 cf.
1044 794 1110 822 Ter.
1125 795 1181 823 Ad.
1196 796 1271 823 402:

149 845 218 880 „qui
248 847 365 881 egomet
393 844 552 881 produxi“.
599 846 712 874 Ritsch.
742 846 787 874 ed.
817 846 912 881 „Quid
942 849 1031 883 opust
1059 846 1178 883 speculo
1207 846 1272 881 tibi,

145 905 232 932 quom
256 899 321 923 tute
346 896 492 932 speculo’s
515 898 663 933 specimen
688 895 896 925 maxumum‘?“
923 906 987 933 quae
1011 896 1136 925 Lorenz.
1162 897 1274 925 frustra

144 946 303 974 defendere
327 951 459 975 conatur.
495 962 537 966 —
572 949 642 976 247.
676 945 780 985 peculi>
808 949 919 976 Camer.
943 957 996 975 em.
1022 948 1145 975 Amator
1173 949 1272 985 lepido

144 998 256 1026 ancillae
280 998 359 1026 dicto
382 999 500 1035 gavisus
525 999 637 1036 aliquid
661 1001 686 1027 ei
710 1001 910 1037 promissurus
933 1002 1014 1033 erat,
1039 998 1092 1026 sed
1116 999 1216 1027 subito
1241 1009 1273 1027 se

144 1049 336 1086 reprehendit
360 1052 389 1077 et
413 1051 488 1086 παρὰ
511 1051 679 1086 προσδοκίαν
702 1050 869 1079 Philematii
895 1060 1008 1085 nomen,
1032 1052 1078 1078 cui
1098 1051 1196 1078 omnia
1215 1050 1271 1077 sibi

143 1100 251 1129 debere
274 1101 402 1135 videtur,
428 1101 597 1136 substituit3
622 1103 682 1131 vid.
708 1102 746 1130 ad
769 1103 851 1130 Asin.
873 1102 942 1130 875.
967 1116 1008 1120 —
1033 1102 1104 1129 248.
1127 1098 1200 1129 uide
1223 1108 1272 1129 ea-

137 1148 238 1188 pillus
271 1150 357 1180 satin
391 1152 527 1180 Mueller.
558 1163 593 1180 ex
623 1153 718 1182 Nonio
748 1163 776 1190 p.
812 1154 882 1182 198:
922 1152 1071 1189 „Capillus
1092 1173 1096 1178 .
1119 1175 1124 1181 .
1148 1175 1154 1180 .
1173 1154 1272 1181 neutri

144 1203 266 1231 Plautus
279 1203 478 1232 Mustellaria:
502 1205 572 1232 uide
586 1205 726 1242 capillum
738 1205 815 1232 satin
829 1204 1023 1241 compositum
1036 1204 1075 1231 sit
1088 1203 1269 1232 commode“.

142 1252 241 1291 (Quod
276 1254 313 1282 ad
343 1263 434 1290 genus
464 1257 585 1291 attinet,
619 1259 761 1294 corrupto
791 1255 954 1292 exemplari
985 1255 1099 1284 Nouius
1130 1255 1271 1293 deceptus

143 1303 286 1342 videtur.)
348 1306 463 1334 Ritsch.
498 1307 664 1335 Acidalium
698 1310 818 1335 secutus
852 1316 958 1344 parum
993 1306 1132 1334 feliciter:
1172 1306 1270 1342 „Suon

142 1357 274 1395 quidque
302 1356 417 1385 locost?
452 1358 521 1386 uide
550 1358 706 1395 capillum,
741 1358 818 1386 satin
849 1359 1045 1394 compositust
1074 1355 1267 1385 commode?“

142 1405 207 1437 Suo
230 1406 351 1446 quique,
376 1409 395 1436 i.
410 1418 435 1436 e.
449 1419 503 1437 suo
522 1419 649 1446 quoque,
674 1409 708 1437 cf.
722 1409 811 1437 Poen.
828 1410 923 1437 1175:
951 1410 999 1442 „in
1019 1417 1072 1435 suo
1085 1409 1194 1446 quique
1206 1409 1270 1436 loco

141 1461 199 1488 sita
215 1459 355 1488 munde“.
401 1460 492 1488 Titiu.
511 1461 585 1488 130:
614 1460 750 1494 „Uerrito
770 1460 860 1494 aedis,
879 1460 1027 1496 spargite3
1054 1460 1163 1487 munde
1181 1460 1270 1487 facite

140 1512 170 1539 in
193 1520 246 1540 suo
270 1512 380 1548 quique
403 1512 466 1540 loco
490 1514 524 1538 ut
545 1512 604 1539 sita
626 1510 715 1547 sint-‘st
762 1510 862 1538 Madv.
883 1510 920 1538 ad
938 1510 996 1538 Cic.
1011 1510 1077 1538 Fin.
1093 1510 1125 1546 V,
1149 1511 1196 1545 17,
1218 1510 1268 1538 46.

144 1562 210 1598 ,,ἰῑι“
237 1563 284 1590 hic
312 1572 429 1600 quoque
453 1562 522 1590 addi
546 1562 642 1590 voluit
667 1562 775 1590 Prehn.
795 1571 879 1599 pron.
899 1561 987 1589 iudef.
1008 1572 1036 1599 p.
1059 1563 1108 1589 11.
1132 1576 1172 1579 —
1197 1562 1268 1589 249.

141 1611 300 1642 commoda
323 1621 356 1642 es
375 1614 489 1641 Camer.
509 1624 565 1641 em.
585 1628 624 1632 ———
649 1615 719 1642 250.
743 1610 913 1649 quidquam
936 1616 1004 1649 post
1028 1610 1106 1649 quid
1127 1612 1268 1647 abundat,

140 1675 167 1693 v.
193 1665 230 1693 ad
253 1665 336 1693 Asin.
362 1666 432 1693 779.
477 1664 565 1702 Epid.
592 1665 663 1693 314,
711 1665 744 1693 R.
773 1662 951 1702 ‚‚quiquam“
977 1665 1104 1700 scripsit.
1135 1678 1176 1683 —
1205 1671 1269 1691 me-

140 1714 294 1744 morarier
306 1716 470 1744 saracenus
488 1726 542 1744 em.
562 1731 603 1735 ——
629 1717 699 1745 252.
724 1723 859 1750 cerussa,
883 1725 941 1752 qua
964 1715 1001 1743 ad
1024 1714 1182 1743 candorem
1207 1714 1268 1742 effi-

140 1767 275 1795 ciendum
298 1767 462 1795 utebantur
483 1768 613 1801 feminae,
650 1771 695 1795 est.
717 1769 868 1805 ψιμύθιον,
905 1766 984 1803 quod
1014 1776 1052 1794 ex
1080 1766 1195 1804 plumbi
1218 1776 1267 1794 ra-

141 1819 245 1846 mentis
268 1821 351 1846 aceto
375 1818 479 1846 solutis
504 1819 675 1855 parabatur,
706 1829 732 1846 v.
759 1818 834 1846 Plin.
861 1818 895 1845 H.
920 1818 955 1846 N.
980 1817 1117 1852 XXXIV,
1144 1818 1192 1852 18,
1220 1818 1267 1851 54,

143 1870 211 1897 175.
259 1869 292 1897 R.
317 1872 347 1897 et
375 1869 519 1897 Fleckeis.
548 1870 745 1907 scripserunt:
785 1869 881 1905 „Quid
912 1878 1029 1897 cerussa
1058 1879 1127 1897 nam
1156 1867 1268 1906 opust?

140 1920 202 1948 PH.
226 1920 319 1948 Malas
343 1921 394 1958 qui
417 1919 577 1948 oblinam.“
602 1921 652 1948 vix
675 1931 760 1958 opus.
785 1935 826 1940 —
856 1921 926 1949 253.
957 1920 1029 1948 Post
1052 1927 1146 1957 opera
1167 1920 1267 1948 hiatus

140 1975 194 2007 est,
219 1981 306 2009 quem
329 1974 432 2000 tuetur
454 1971 634 2000 Lachmann.
660 1972 696 2000 ad
719 1971 837 2000 Luci-et.
863 1981 891 2008 p.
914 1971 984 1999 388.
1031 1971 1176 1999 Fleckeis.
1193 1970 1265 2007 „tu“

140 2023 279 2058 addebat,
305 2023 440 2051 Mueller.
458 2021 536 2058 „te“,
562 2022 675 2051 Ritsch.
695 2024 725 2050 in
744 2023 872 2051 editione
895 2022 987 2057 „ebur
1011 2021 1139 2057 hercle“,
1164 2025 1268 2060 postea

139 2074 169 2102 in
202 2074 278 2102 Nov.
309 2084 422 2102 excurs.
461 2071 623 2111 „operad“.
659 2088 700 2092 —
740 2071 808 2103 Una
832 2080 938 2109 opera,
977 2083 1004 2101 v.
1036 2073 1073 2101 ad
1101 2074 1185 2102 Asin.
1216 2074 1266 2101 98.

133 2122 281 2162 postules,
303 2136 330 2154 v.
346 2125 384 2153 ad
396 2125 503 2162 Amph.
519 2126 588 2153 357.
635 2125 679 2153 De
701 2122 873 2153 atramento
894 2134 918 2152 v.
941 2123 1016 2152 Plin.
1037 2124 1073 2151 H.
1094 2124 1129 2152 N.
1143 2123 1265 2160 XXXV,

1581 2471 1587 2478 ⁵
1584 2403 1592 2420 ‘⁷
1581 1727 1596 2389 {-—-‹.-i--.a--'·--—-q-o-—---..-‚--v-m..
