1596 2478
309 171 370 201 272
801 169 944 204 Epidicus.

311 267 380 295 357.
410 273 472 303 pro
500 263 569 302 filia
597 265 748 294 Acidaliae
779 276 835 295 em.
882 266 1039 305 Scriptura
1066 267 1177 297 codicis
1202 269 1224 297 B
1255 279 1329 307 „pro
1358 269 1428 298 illa“

308 317 444 346 secundm
480 318 577 345 manui
607 316 749 352 debetur3
784 317 855 355 quid
884 319 968 356 prius
997 319 1102 354 fuerit,
1138 330 1195 348 nou
1225 323 1366 359 appuret;
1400 321 1430 350 I:

311 367 440 408 „pelia“.
470 383 510 387 —
540 364 610 396 Iam
635 367 683 395 Br.
707 367 831 397 addidit.
855 384 896 388 —
928 370 1115 405 „auctorem“
1142 370 1212 399 ferri
1238 381 1294 400 uon
1318 374 1430 409 potest3

309 424 413 449 auctor
447 420 522 448 euim
555 419 718 448 venditoris
748 423 806 455 est,
841 430 898 449 non
928 421 1084 459 emptoris,
1119 431 1146 449 v.
1177 421 1213 450 ad
1244 421 1328 451 Cure.
1358 423 1429 452 497.

309 472 483 500 Rectissime
503 470 658 507 Angelius:
683 471 837 499 cautorem
862 471 907 499 vel
935 473 1151 507 „cauitorem“;
1177 473 1247 501 item
1271 473 1429 510 Kiessling,

308 523 384 551 Mus.
410 522 502 550 Rhea.
526 521 623 549 XXIV
647 531 676 559 p.
703 523 771 550 l20.
804 537 840 541 -—
872 523 942 551 358.
978 522 1048 551 Post
1070 521 1256 560 Apoecidem
1279 524 1377 552 hiatus
1400 525 1430 553 in

308 574 433 602 diaeresi.
462 588 504 592 —
536 573 606 601 359.
635 572 668 600 In
699 576 840 611 corrupta
863 575 1014 611 scripturn
1037 575 1152 612 priores
1175 574 1242 602 edd.
1266 575 1428 611 hoeserant3

309 625 426 653 Lamb.:
455 623 556 661 „quasi
570 624 640 661 quoi
655 623 800 658 eineret“;
826 624 936 662 Gepp.:
964 626 1066 662 „qnasi
1080 635 1166 662 quom
1181 624 1289 654 amet“.
1326 626 1428 656 Goetz.

308 677 440 705 demum:
476 672 531 712 qui
552 673 631 703 recte
653 673 761 704 caueat
785 676 929 713 „exempli
949 686 1046 711 causa,
1064 676 1129 705 coll.
1144 675 1237 706 293“.
1271 677 1352 706 Idem
1367 679 1429 716 ipse

307 731 374 756 ante
402 727 504 764 plures
534 736 626 754 anuos
655 727 840 761 inveneram,
875 736 929 754 uec
959 736 994 755 eu
1017 737 1076 756 non
1101 728 1194 766 ipsius
1218 727 1315 757 Plauti
1340 730 1430 758 verba

307 779 387 807 credi
418 780 556 816 possunt,
591 777 614 805 si
645 777 801 806 scribitur:
837 775 929 815 quasi
951 775 1006 816 qui
1028 784 1047 806 a
1069 785 1117 806 me
1138 779 1220 807 recte
1242 780 1351 808 caueat
1379 777 1429 818 (cf.

307 830 388 858 Trin.
429 828 532 865 1142).
608 827 749 865 Epidicus
783 838 840 856 non
875 830 1029 866 proprium
1065 829 1240 867 Periphanis
1273 831 1429 860 consilium

307 882 438 919 exponit,
462 880 513 908 sed
537 879 616 917 quod
640 881 703 916 ipse
727 880 752 908 ei
776 880 885 908 tribuit
908 880 1051 916 irridens3
1085 884 1116 909 et
1145 881 1305 919 respondet
1327 882 1429 910 adule-

306 943 405 967 scens,
446 942 476 960 se
516 931 682 967 intelligere
724 941 822 959 senem
856 932 948 969 probe
982 935 1100 968 captum
1135 942 1207 960 esse.
1283 931 1430 961 Eri-arunt

307 986 383 1012 enim
408 983 537 1011 editores
559 985 628 1020 post
651 979 750 1010 Haud
770 979 850 1010 ‘male
874 982 990 1020 Epidici
1014 986 1112 1011 notum
1137 984 1307 1012 inserentes.
1358 984 1429 1022 Epi-

307 1035 364 1064 dici
389 1034 478 1063 verba
501 1044 516 1062 n
540 1034 676 1071 proximo
699 1043 785 1062 versu
809 1034 968 1072 incipiunt,
998 1035 1054 1062 nisi
1085 1034 1159 1062 sorte
1182 1034 1279 1063 deleta
1301 1034 1429 1074 Stratip-

306 1087 399 1124 poclis
434 1087 513 1120 nota,
547 1094 635 1121 quam
670 1085 706 1112 ab
740 1084 754 1112 1
788 1085 890 1113 abesse
926 1086 968 1114 ait
999 1085 1148 1120 Goetzins,
1183 1087 1282 1114 omnia
1315 1097 1332 1114 a
1367 1087 1428 1115 357

307 1140 382 1165 extr.
419 1136 454 1164 nd
492 1136 548 1164 361
590 1136 683 1164 eidem
721 1136 893 1164 continuare
929 1136 1021 1164 malis.
1064 1151 1098 1156 —
1145 1137 1215 1165 360.
1256 1135 1429 1166 ‹truminam

305 1184 480 1221 collocamit,
517 1187 552 1215 cf.
584 1187 665 1215 Asin.
692 1188 761 1215 650.
800 1202 838 1206 —-
875 1188 950 1222 361,
986 1184 1157 1216 adueniens
1191 1187 1270 1215 Cam.
1301 1198 1355 1216 em.
1388 1203 1428 1208 ——

305 1236 406 1273 domi,
440 1240 463 1267 si
495 1248 595 1267 verum
620 1241 677 1273 est,
714 1248 777 1266 cum
801 1235 935 1266 adornat
959 1239 1153 1275 iungendum,
1184 1240 1219 1266 cf.
1244 1239 1332 1267 Most.
1357 1240 1428 1274 425,

304 1290 354 1318 sed
379 1290 465 1318 valde
490 1299 608 1324 vereor,
640 1300 675 1317 ne
703 1288 857 1324 „domum“
889 1290 1075 1318 scribendum
1104 1290 1153 1318 sit.
1178 1305 1219 1308 —
1249 1291 1319 1319 363.
1343 1291 1428 1319 astu-

304 1339 378 1369 {iam
409 1338 489 1369 hanc
518 1340 645 1376 Pylades
676 1344 706 1368 et
735 1340 879 1368 Fleckeis.
905 1341 980 1369 Mus.
1008 1340 1099 1369 Rhen.
1124 1341 1191 1369 XIV
1216 1352 1245 1379 p.
1272 1342 1348 1377 632,
1377 1343 1427 1379 qui

304 1402 391 1430 quam
416 1391 500 1420 Both.
527 1392 626 1429 posuit
648 1391 782 1426 sormam,
810 1391 974 1426 „institiui“
996 1391 1220 1429 improbandam
1244 1403 1306 1421 esse
1331 1393 1427 1422 docet.

303 1458 343 1462 -—
380 1443 450 1471 364.
489 1443 579 1479 ‚‚ego“
612 1442 669 1470 del.
700 1442 834 1479 Pylades.
869 1458 910 1461 —
946 1444 1015 1472 365.
1053 1439 1088 1471 Si
1116 1441 1170 1479 qui
1195 1467 1200 1471 .
1227 1466 1232 1472 .
1257 1441 1429 1472 odueniant

303 1494 416 1523 Camer.
441 1504 511 1529 em.;
536 1493 638 1522 Goetz.
666 1492 856 1529 ‚,ndu‹·niat“.
900 1493 1007 1523 datum
1030 1501 1098 1523 esse
1116 1493 1249 1531 Pylades.
1284 1495 1428 1534 Epidicus

303 1549 401 1574 autem
442 1546 595 1583 pecuniam
636 1555 730 1582 nuper
769 1549 918 1583 acceptam
959 1545 1030 1574 hero
1072 1545 1253 1574 adulescenti
1288 1546 1425 1575 tradidit.

303 1598 397 1632 Quum
423 1598 516 1633 igitur
539 1596 689 1634 Apoecide
713 1600 857 1634 praesente
881 1597 978 1625 lenoni
1002 1596 1115 1624 solvere
1139 1606 1195 1624 nou
1216 1597 1320 1634 possit,
1345 1597 1426 1626 solus

303 1649 436 1677 lenonem
472 1647 548 1682 adit,
583 1648 670 1685 eique
704 1647 876 1685 persuadet,
911 1651 958 1682 nt,
994 1657 1082 1685 quum
1118 1648 1217 1676 veniat
1247 1648 1424 1685 Apoecides,

302 1703 457 1737 argentum
493 1709 523 1726 se
553 1699 701 1736 accepisse
733 1699 818 1727 dicat.
874 1698 1038 1736 Acceperat
1067 1702 1166 1727 autem
1195 1708 1226 1726 re
1255 1708 1325 1726 vern
1359 1701 1426 1727 ante

302 1751 416 1788 aliquot
451 1751 513 1778 dies
548 1759 603 1787 pro
632 1749 852 1787 Acropolistide
888 1750 1012 1787 triginta
1045 1751 1156 1784 minas,
1193 1760 1218 1778 v.
1250 1751 1320 1778 701.
1353 1750 1424 1778 703.

302 1801 387 1836 Quod
418 1802 508 1839 igitur
538 1810 564 1828 v.
591 1801 650 1828 366
681 1798 923 1838 quinquaqinta,
959 1811 1016 1829 non
1045 1801 1170 1836 triginta
1198 1800 1352 1837 leguntur,
1390 1800 1423 1829 R.

302 1852 436 1880 Mueller.
462 1855 492 1880 et
515 1851 608 1889 Gepp.
634 1851 710 1880 hunc
734 1862 850 1880 versum
881 1853 1013 1889 spurium
1045 1855 1200 1889 putarunt.
1268 1851 1370 1883 Immo,
1399 1852 1424 1880 si

304 1902 467 1940 „trigintn“
483 1903 616 1937 dixisset,
635 1903 720 1931 dolus
741 1903 841 1931 statim
860 1903 1026 1941 patefactus
1045 1907 1131 1937 esset,
1157 1912 1221 1931 unm
1242 1902 1424 1940 Periphanes

301 1956 519 1992 quinquaginta
541 1964 572 1981 se
596 1954 713 1982 dedisse
736 1957 834 1991 putat,
863 1964 889 1982 v.
914 1955 951 1982 ad
976 1955 1046 1982 347.
1102 1955 1162 1983 Aut
1192 1956 1284 1990 igitur
1313 1954 1423 1982 nullum

301 2008 411 2033 certain
437 2015 580 2033 summam
605 2005 755 2033 nominare
779 2005 867 2033 dehet
890 2008 942 2033 aut
965 2006 1188 2043 quinquaginta.
1242 2005 1304 2033 Hoc
1327 2006 1422 2042 ipsum

302 2055 443 2094 Epidicus
473 2056 569 2084 lenoni
599 2065 629 2083 se
659 2065 868 2093 persuasurum
897 2058 997 2093 sperat
1028 2059 1061 2084 ut
1084 2055 1186 2091 fuciat3
1219 2066 1271 2083 nec
1295 2057 1371 2084 enim
1396 2057 1421 2084 ei

300 2107 463 2144 periculum
485 2107 553 2135 iude
571 2108 694 2142 orietur,
714 2106 793 2144 quod
811 2116 842 2135 se
862 2106 941 2134 dicet
961 2116 1020 2134 rem
1040 2106 1134 2143 pluris
1154 2106 1321 2135 vendidisse
1334 2116 1421 2144 quam
