1596 2478
0 850 11 939 =---
0 512 13 838 Ἰπνν--ν-ν-νι--ν
0 435 5 491 ——
0 376 2 422 *v
0 318 1 322 „

0 1028 9 1040 ⁸
0 960 14 1015 ῥ’.)

609 208 773 235 Cistellaria.

526 304 851 335 Alcesimarchus

131 360 154 397 Ι,
179 359 271 391 adfer
293 359 369 390 mihi
394 369 485 390 arma
507 362 540 390 et
562 358 696 389 loricam
721 357 885 389 adducito.

609 418 767 448 Amicus

131 473 279 505 Loricam
303 473 461 504 adducam
485 498 491 504 .
517 497 523 502 .
548 498 554 503 .
580 497 585 502 .
609 471 624 502 Ῥ

523 530 853 563 Alcesimarchus

133 587 157 623 I,
181 597 284 624 curre,
309 597 427 628 equom
450 586 551 617 adfer.

610 636 769 677 Am'icus

594 699 712 730 Hercle
734 699 787 730 hic
809 699 930 730 insanit
953 699 1057 729 miser.

519 759 852 790 Alcesimarchus

134 814 195 846 Abi
218 818 316 854 atque
339 813 488 844 hastatos
512 813 642 851 multo&
667 813 785 844 multos
809 812 937 850 uelites,

133 869 254 900 Multos
279 878 352 898 cum
376 867 473 908 peltis
496 885 537 889 —
559 867 642 899 nihil
665 877 774 898 moror
795 867 938 898 triarios.

133 923 196 955 Ubi
220 925 296 953 sunt
318 931 402 961 quae
425 921 528 953 iussi?

609 981 768 1013 Amicus

583 1034 688 1066 Sanus
710 1035 764 1066 hic
787 1046 851 1067 non
876 1038 926 1066 est
949 1035 1040 1066 satis.

141 1090 296 1130 Uiyilasse
319 1089 416 1121 credo
439 1091 573 1127 noctem,
597 1100 694 1130 quom
717 1089 812 1121 illaec
836 1089 882 1120 sic
904 1088 992 1120 facit.

134 1144 250 1177 Utrum
275 1143 404 1182 deliras,
427 1154 556 1185 quaeso,
580 1154 620 1175 an
644 1144 778 1175 adstans
801 1143 954 1181 somnias,

134 1198 195 1236 Qui
219 1208 336 1240 equom
360 1208 410 1228 me
434 1197 562 1229 adferre
584 1197 688 1237 iubes,
711 1197 845 1229 loricam
869 1197 1040 1235 adducere,

132 1252 251 1284 Multos
275 1251 430 1291 hastatos,
455 1252 565 1292 postid
588 1252 707 1284 multos
730 1251 855 1288 uelites,

133 1306 255 1338 Multos
280 1317 351 1338 cum
374 1305 491 1346 peltis?
536 1306 626 1338 Haec
648 1311 685 1338 tu
709 1316 867 1347 peruorsa
889 1306 996 1337 omnia

134 1361 214 1392 Mihi
235 1360 421 1392 fabulatu’s.

522 1420 857 1452 Alcesimarchus

465 1474 561 1506 Dixin
585 1485 644 1514 ego
666 1475 760 1513 istuc,
783 1474 942 1506 obsecro?

618 1535 776 1566 Amicus

136 1588 233 1620 Modo
257 1588 388 1630 quidem
412 1589 522 1620 hercle
544 1588 627 1620 haec
650 1589 770 1620 dixisti.

531 1648 858 1680 Alcesimarchus

1207 210 1246 240 97

1197 365 1248 391 240

1199 1043 1250 1068 245

1201 1313 1252 1339 250

839 1702 912 1734 Non
935 1711 1090 1743 praesens
1112 1701 1251 1741 quidem.

613 1763 771 1794 Amicus

136 1817 372 1858 praestigiator
394 1827 439 1855 es,
464 1818 492 1848 si
515 1817 646 1858 quidem
669 1817 722 1848 hic
744 1828 808 1848 non
831 1827 866 1848 es
888 1820 987 1857 atque
1010 1827 1053 1847 es.

139 1872 241 1904 Uideo
266 1882 324 1911 ego
347 1877 380 1903 te
403 1872 523 1902 amoris
546 1871 644 1902 ualde
667 1875 791 1902 tactum
816 1871 932 1908 toxico,

139 1925 353 1964 Adulescens3
378 1936 416 1957 eo
440 1930 472 1957 te
496 1926 600 1965 magis
624 1924 699 1956 uolo
722 1927 889 1956 monitum.

526 1985 859 2016 Alcesimarchus

942 2027 1046 2065 Mone,

222 2114 273 2138 244
291 2121 353 2138 cum
372 2112 465 2138 multis
535 2112 662 2146 precario
736 2113 785 2138 246
804 2131 881 2139 .....
891 2120 935 2137 sse
1006 2111 1129 2138 nocitum

139 2156 190 2181 250
207 2164 269 2181 cum
290 2156 384 2180 muitis
454 2156 549 2180 omnia
566 2163 621 2181 non
639 2156 735 2182 lectum
805 2156 856 2180 253
874 2160 958 2188 atque
977 2154 1042 2180 ades

1036 2209 1051 2218 m

1041 2218 1047 2234 l

1204 2034 1254 2059 255

1201 2110 1254 2136 faci
