1596 2478
113 218 163 247 ΙΙΙ,
184 220 206 250 5,
227 218 327 243 88—48
613 216 720 242 Casina*
1189 216 1228 245 53

552 310 790 342 Pardalisca

196 366 280 405 Quid
304 377 376 398 cum
400 376 439 398 ea
462 366 569 405 negoti
594 364 652 396 tibi
677 364 750 395 est?

547 436 597 477 Ly
608 446 622 467 s
633 435 735 467 idam
745 446 765 467 u
774 446 789 467 s

793 489 944 528 Peccaui3

196 546 276 577 Illuc
299 546 406 577 dicere
429 544 559 576 uilicum
585 543 743 575 uolebam.

544 614 788 647 Pardalisca

195 671 307 703 Sciens
331 670 370 702 de
393 670 448 701 uia
471 670 502 700 in
528 670 678 701 semitam
702 669 888 709 degredere.

548 740 786 781 Lysidamus

195 796 278 828 Num
303 796 382 838 quid
406 795 484 827 mihi
507 794 672 826 minatur?

551 854 788 886 Pardalisca

721 908 793 940 Tibi
817 908 935 940 infesta
958 908 1017 940 soli
1042 912 1090 940 est
1176 917 1228 943 650

195 964 271 996 Plus
296 974 392 1005 quam
418 964 603 1004 quoiquam.

549 1033 787 1075 Lys'idamus

588 1088 691 1126 Quam
715 1088 756 1119 ob
780 1089 869 1119 rem‘?

550 1148 788 1180 Pardalisca

853 1202 936 1240 Quia
959 1213 991 1234 se
1016 1202 1072 1234 des
1094 1212 1228 1234 uxorem

195 1257 390 1299 Olympioni,
414 1268 519 1298 neque
543 1261 631 1288 tuam
656 1267 762 1297 neque
786 1257 848 1287 uiri

196 1312 305 1344 Uitam
330 1312 410 1343 sinet
432 1312 465 1342 in
488 1312 666 1342 crastinum
691 1311 832 1351 protolli.

109 1366 146 1398 Id
170 1366 234 1398 huc
259 1367 358 1397 missa
381 1376 461 1402 sum,
485 1365 545 1396 tibi
571 1370 606 1396 ut
629 1365 743 1398 dicam,
768 1365 808 1396 ab
834 1375 871 1395 ea
896 1369 932 1396 ut
955 1375 1073 1396 caueas
1098 1365 1166 1396 tibi.

550 1425 787 1466 Lysidamus

794 1478 880 1510 Perii
904 1478 1012 1510 hercle
1036 1489 1095 1519 ego
1120 1479 1226 1510 miser.

195 1533 307 1575 Neque
331 1538 381 1566 est
404 1544 509 1574 neque
534 1533 593 1564 fuit
617 1544 665 1564 me
690 1543 788 1564 senex
811 1534 983 1574 quisquam
1007 1536 1135 1564 amator
1176 1542 1227 1567 655

195 1588 348 1629 Adaeque
372 1589 476 1619 miser.

549 1647 788 1678 Pardalisca

538 1701 629 1733 Ludo
653 1712 712 1742 ego
735 1701 820 1732 hunc
844 1701 965 1740 facete;

196 1756 275 1788 Nam
301 1767 383 1797 quae
407 1755 495 1787 facta
519 1756 584 1787 dixi
609 1756 717 1787 omnia
739 1755 824 1792 huic,
849 1755 933 1787 falsa
956 1755 1031 1786 dixi.

196 1810 259 1841 Era
282 1814 381 1851 atque
405 1810 485 1842 haec
509 1809 618 1841 dolum
642 1821 680 1841 ex
704 1820 862 1850 proxumo
886 1809 972 1841 hunc
996 1810 1217 1850 protulerunt3

197 1864 264 1905 Ego
288 1865 351 1896 huc
373 1865 473 1896 missa
496 1876 567 1897 sum
591 1864 711 1895 ludere.

551 1924 601 1965 Ly
609 1924 669 1955 sid
676 1934 695 1955 a
703 1934 732 1955 m
740 1935 761 1955 u
769 1934 784 1955 s

741 1977 840 2015 Heus,
864 1977 1063 2009 Pardalisca.

194 2080 245 2105 650
263 2078 330 2105 Nam
352 2080 418 2113 quid
436 2081 461 2106 A
519 2080 623 2106 infecta
641 2081 659 2107 Ι
713 2081 763 2106 652
782 2088 871 2113 neque
891 2088 919 2106 se
938 2084 1014 2105 tuam
1033 2088 1084 2106 nec
1103 2089 1131 2105 se
1151 2089 1226 2106 suam

110 2122 160 2148 653
178 2123 262 2148 uitam
284 2122 327 2148 sin
346 2124 496 2149 crastinum
513 2122 571 2149 BE
705 2124 755 2149 656
775 2123 816 2148 Ad
836 2131 924 2156 aequo
939 2123 960 2149 Ι
1094 2122 1183 2149 facere
1202 2122 1232 2149 E

110 2165 160 2191 659
175 2164 413 2192 PardardiliscaB
