1596 2478
143 163 176 200 V,
195 168 220 199 2,
241 167 344 193 27—34
640 166 783 200 Epidicus.
1229 168 1267 198 59

577 260 600 291 Ρ
609 271 626 292 e
636 261 668 292 ri
677 272 696 301 p
707 260 726 292 h
735 271 754 292 a
762 271 780 291 n
791 271 807 292 e
817 271 831 292 s

144 315 186 348 At
210 314 288 346 mihi
312 315 415 355 magis
439 314 531 346 lubet
554 314 697 345 solutum
722 319 753 345 te
778 315 931 354 rogitare.

606 384 632 415 E
640 395 660 425 p
669 386 678 416 i
687 384 723 416 di
734 395 751 416 c
759 395 778 416 u
788 395 802 416 s

934 439 975 470 At
1000 438 1081 470 nihil
1106 439 1199 470 scies.
1218 447 1269 473 690

574 497 598 529 P
608 497 664 530 eri
673 509 692 538 p
702 497 723 529 h
731 508 750 529 a
760 508 780 529 n
791 508 807 529 e
817 508 831 529 s

144 552 230 591 Quid
254 552 337 593 ago?

584 612 611 643 A
623 623 641 652 p
652 623 669 643 o
680 621 697 642 e
707 612 740 642 ci
750 611 769 642 d
778 622 794 642 e
804 622 818 642 s

272 665 355 703 Quid
379 675 459 705 agas
468 665 483 696 ¹?
527 666 597 697 Mos
620 669 762 706 geratur.

599 736 625 767 E
633 736 673 776 pi
684 735 721 767 di
733 746 749 767 0
758 746 778 767 u
789 746 804 767 s

707 789 806 830 Frugi
832 800 866 821 es
890 794 924 821 tu
948 790 1054 828 homo,
1078 790 1267 831 Apoecides.

578 860 603 892 P
612 871 628 892 e
638 860 725 902 riph
735 871 780 892 an
789 871 827 892 es

143 913 231 946 Cedo
255 924 371 946 manus
392 915 501 955 igitur.

604 985 802 1025 Epidicus

543 1039 715 1070 Morantur
737 1038 829 1070 nihil.
877 1040 984 1080 Atque
1009 1043 1080 1071 arte
1104 1041 1239 1082 conliga.

139 1092 230 1124 Nihil
254 1093 370 1125 uolunt
393 1093 554 1125 obnoxiae
577 1103 658 1124 esse.

570 1163 595 1195 P
606 1174 623 1195 e
631 1175 647 1195 r
656 1164 666 1194 i
675 1175 694 1204 p
705 1164 726 1194 h
734 1174 753 1195 a
765 1175 786 1195 n
794 1174 811 1195 e
819 1174 833 1195 s

694 1218 797 1249 Facto
821 1228 920 1259 opere
942 1217 1168 1250 arbitramino.

603 1288 630 1319 E
668 1288 800 1320 idicus

137 1342 225 1374 Bene
255 1341 318 1374 hoc
349 1341 459 1374 habet.
516 1342 583 1382 Age
611 1299 697 1373 ulline
728 1343 793 1373 iam
823 1353 862 1373 ex
890 1353 940 1374 me
964 1343 1114 1383 exquire3
1148 1344 1264 1384 rogita,

858 1396 946 1437 quod
970 1396 1070 1428 lubet.

576 1466 827 1507 Periphanes

138 1520 211 1558 Qua
233 1519 354 1552 fiducia
379 1519 488 1551 ausu's
511 1521 663 1561 primum,
686 1531 769 1561 quae
793 1523 937 1561 emptast
959 1521 1209 1559 nudiustertius,

136 1573 255 1605 Filiam
280 1585 388 1606 meam
412 1574 520 1606 dicere
544 1575 636 1606 esse?

600 1646 626 1677 E
636 1646 674 1686 pi
683 1646 701 1677 d
711 1647 719 1677 i
730 1656 746 1677 c
753 1656 775 1677 u
784 1656 798 1677 s

692 1699 829 1738 Lubuit3
853 1709 892 1732 ea
915 1699 1045 1732 fiducia.
1214 1710 1264 1736 696

574 1769 825 1811 Periphanes

138 1821 199 1854 Ain
222 1823 279 1854 tu?
302 1822 433 1855 lubuit?

600 1886 798 1926 Epidicus

488 1940 558 1971 Aio.
605 1940 666 1972 Uel
691 1941 734 1971 (la
758 1941 884 1981 pignus,
908 1941 942 1972 ni
966 1952 1005 1972 ea
1028 1941 1071 1973 sit
1093 1941 1170 1973 filia.

205 2057 254 2082 691
274 2056 369 2083 PERI.
389 2056 480 2091 Frugi
499 2065 527 2084 es
546 2060 578 2084 tu
598 2057 689 2084 homo.
710 2058 787 2085 SER.
806 2059 834 2085 B
964 2060 1014 2086 693
1032 2058 1108 2086 Nihil
1126 2068 1194 2086 uero
1214 2060 1263 2086 ob-

136 2099 237 2125 noxios
257 2107 286 2125 se
355 2100 407 2126 695
425 2099 501 2132 Quae
572 2109 655 2127 ausus
725 2102 775 2127 697
794 2101 840 2128 uel
859 2101 894 2127 ad
914 2102 1035 2136 pingnus
