1596 2478
625 193 786 220 Cistellaria.
1218 197 1257 227 99

633 287 761 320 Senex

143 342 214 374 Non
239 342 331 373 modo
353 342 426 381 ipsa
449 341 598 383 lepidast.
623 343 789 374 commode
808 352 937 384 quoque
955 342 1063 374 hercle
1081 342 1256 374 fabulatur.

142 395 204 428 Sed
229 406 325 436 quom
348 396 437 428 dicta
459 396 557 427 huius
580 397 787 437 interpretor,
817 396 896 428 haec
920 396 1027 428 hercle
1050 400 1108 434 est,
1138 399 1175 427 ut
1197 406 1256 436 ego

855 451 980 491 opinor,
1207 459 1255 484 2⁷1

142 503 249 535 Meum
272 515 355 545 quae
379 505 558 544 corrumpit
579 503 696 542 filium;
721 504 865 544 suspicio
889 508 939 536 est
962 514 1034 536 eam
1057 515 1137 537 esse.

139 555 192 588 Ita
211 556 273 596 pol,
298 568 396 598 quom
419 569 597 599 numquam
621 558 768 595 uiderim,
793 558 831 589 de
855 559 1006 598 opinione
1029 559 1135 590 credo.

138 611 222 642 Nam
245 611 342 643 hasce
365 612 457 644 aedis
486 612 666 644 conductas
695 612 795 644 habet
825 622 914 644 meus
943 616 1072 652 gnatus,
1096 613 1178 644 haec
1199 613 1254 645 ubi

850 666 976 705 adstat3

141 719 210 750 Hoc
232 719 315 750 hanc
333 730 403 751 eam
423 730 493 751 esse
512 720 669 760 opiniost;
692 730 768 751 nam
787 719 868 751 haec
885 719 978 751 illum
996 721 1185 752 nominauit.
1205 730 1255 754 275

139 773 222 811 Quid
253 774 280 804 si
303 773 418 805 adeam
441 777 540 815 atque
563 774 746 815 appellem?
790 774 867 805 Mali
890 773 1064 815 damnique
1081 774 1253 813 inlecebra,

847 827 947 860 salue.

143 906 434 914 ..........
459 882 650 922 postulabis.

139 958 430 968 ..........
453 936 529 969 uale

138 1013 431 1021 ..........
455 990 540 1022 alter

139 1067 431 1075 ..........
457 1044 587 1085 quiduis
1203 1054 1254 1079 280

137 1097 221 1136 Quid
245 1108 303 1137 ego
326 1108 464 1139 usquam
490 1124 495 1129 .
522 1123 528 1128 .
553 1123 560 1128 .

136 1151 267 1183 Habent
291 1177 425 1182 .....
449 1156 548 1193 atque
571 1155 686 1184 nostra

135 1259 240 1291 Lenta
263 1271 297 1291 se
321 1263 424 1292 mater
447 1285 453 1291 .
480 1286 487 1292 .
512 1285 518 1290 .
544 1285 550 1290 .
575 1261 707 1302 quidem
731 1287 738 1292 .
763 1286 770 1292 .
795 1287 800 1292 .
824 1261 988 1293 innocenti

135 1314 184 1346 Do
207 1314 267 1345 tibi
292 1340 298 1345 .
324 1340 330 1345 .
355 1339 361 1344 .
386 1340 392 1345 .
418 1315 504 1346 ullus
527 1316 589 1346 nisi
612 1315 673 1346 tibi
697 1341 703 1347 .
728 1340 735 1346 .
761 1341 766 1346 .
793 1339 798 1345 .
822 1325 918 1346 rarus
941 1315 1115 1356 quisquam
1201 1324 1252 1349 285

136 1367 199 1399 Sed
221 1369 284 1399 iste
310 1391 315 1397 .
342 1394 346 1398 .
373 1394 379 1400 .
404 1395 410 1400 .
434 1368 519 1400 filius
543 1370 674 1410 quidem

135 1422 177 1453 At
199 1432 257 1462 ego
282 1433 390 1454 moror
413 1447 640 1455 ........
667 1423 842 1456 damnosos
865 1426 942 1455 ante
965 1423 1067 1455 ullum

135 1475 220 1513 Quid
245 1501 376 1507 .....
400 1477 470 1509 isne
493 1478 565 1509 est?

568 1583 818 1624 Gymnasium

626 1637 800 1669 Arbitror?

219 1716 480 1724 .........
505 1691 599 1724 aufer
620 1702 760 1723 manum.

167 1771 173 1777 .
199 1771 205 1776 .
230 1772 236 1777 .
260 1746 350 1778 aleas
380 1770 640 1778 .........
665 1756 722 1777 cur
745 1747 866 1786 gaudet
1199 1754 1250 1779 290

134 1825 141 1831 .
165 1825 172 1831 .
197 1825 204 1831 .
229 1825 235 1830 .
260 1800 302 1832 ad
316 1824 545 1832 ........
569 1800 644 1832 dolo

133 1852 177 1885 Ut
199 1879 205 1885 .
230 1879 236 1884 .
263 1878 269 1884 .
294 1880 300 1885 .

132 1906 201 1938 Nos
224 1907 319 1939 illata
342 1932 475 1940 .....
501 1913 559 1940 aut
583 1910 638 1950 qui

131 1984 138 1990 .
162 1987 168 1992 .
197 1987 202 1992 .
230 1988 236 1992 .
261 1972 346 2002 pone
371 1987 568 1993 .......
593 1973 678 2003 quae
702 1964 751 1994 ita
775 1988 780 1994 .
806 1986 812 1992 .
837 1988 844 1994 .
868 1963 958 2003 loqui

132 2040 140 2046 .
164 2040 172 2046 .
196 2041 201 2046 .
227 2041 233 2046 .
258 2016 317 2047 das
340 2016 418 2048 mihi
441 2027 573 2057 operam
1198 2024 1248 2050 295

216 2136 265 2162 273
284 2135 322 2162 Ut
339 2139 487 2170 postquam

1009 2189 1044 2215 7*
