1596 2478
617 188 791 215 Menaechmi.
1204 191 1264 221 383

146 286 312 315 lectitamus
345 289 514 315 nostrorum
544 289 699 325 poetarum
731 288 864 324 sumptas
893 296 927 315 ac
954 296 1055 315 versas
1085 286 1121 314 de
1145 286 1264 324 Graecis,

147 337 311 366 Menandro
345 340 396 366 aut
427 337 589 376 Posidippo
619 341 670 367 aut
699 338 881 376 Apollodoro
911 339 962 366 aut
990 337 1114 366 Alexide
1142 340 1173 367 et
1201 339 1264 376 qui-

147 388 270 417 busdam
295 389 365 416 item
390 389 455 417 aliis
479 388 628 418 comicis“.

233 440 292 468 Nec
317 441 406 476 magis
430 441 497 468 sciri
520 443 630 478 potest,
655 450 713 478 quo
736 443 870 478 tempore
893 440 967 468 hanc
991 440 1118 469 fabulam
1142 441 1265 470 Plautus

147 491 299 529 scripserit
324 494 375 519 aut
399 491 540 519 docuerit.
586 491 658 520 Nam
684 491 761 528 quosl
786 492 920 529 plerique
945 493 1021 520 inter
1044 493 1265 530 antiquissimas

147 542 244 570 Plauti
280 542 393 571 fabulas
422 553 485 571 eam
516 543 727 571 numerandam
756 552 819 570 esse
849 542 1011 578 affirmant,
1050 543 1079 572 id
1113 545 1164 579 iis,
1200 554 1264 582 quae

147 593 325 628 afferuntur,
355 594 520 623 rationibus
544 605 602 623 non
626 593 762 622 efficitur.
819 594 890 629 Quis
913 595 989 623 enim
1013 597 1128 623 tantum
1152 595 1266 625 tribuet

148 645 276 673 metricis
300 646 474 681 rationibus,
499 647 605 683 quibus
629 646 723 674 utitur
747 645 934 680 Ritschelius‚
960 645 1096 674 Plautum
1119 647 1176 675 sibi
1199 647 1266 684 plus

147 696 274 725 licentiae
297 698 326 724 in
351 697 403 725 hnc
427 707 514 735 quam
539 699 567 726 in
592 697 698 725 ceteris
721 697 828 725 fabulis
852 697 1010 735 sumpsisse
1033 698 1079 726 vel
1103 698 1133 726 in
1156 699 1266 736 produ-

148 747 240 776 cenda
270 748 374 776 ultima
406 758 507 776 vocum
538 748 623 782 mihi,
658 748 726 783 tibi,
764 748 819 776 sibi
848 746 888 783 (v.
913 759 936 776 c.
963 749 1032 777 300.
1059 749 1148 777 1014.
1176 751 1265 780 1018.

151 800 245 834 1087,
277 809 350 837 quos
374 800 453 828 locos
477 810 576 828 omnes
602 800 738 837 corrigit,
767 803 801 828 ut
825 800 887 837 ipse
911 799 1031 837 quidem
1054 810 1156 829 eorum
1181 802 1265 830 testi-

147 852 246 879 monio
270 852 313 879 uti
339 861 395 879 non
419 849 527 888 possit)
559 852 606 880 vel
637 852 666 879 in
695 851 778 879 hiatu
804 851 987 880 admittendo
1011 851 1042 879 in
1065 861 1176 880 caesura
1199 863 1265 892 sep-

147 903 253 931 tenarii
276 902 440 931 trochaici?
475 912 539 940 quae
569 906 598 930 et
629 903 759 939 legitime
789 901 862 930 fiunt
891 906 921 930 et
949 903 978 930 in
1001 903 1136 932 omnibus
1160 904 1266 933 fabulis

147 954 385 991 frequentissima
408 957 485 989 sunt,
509 955 544 982 cf.
569 953 704 991 Spengel.
729 953 824 981 Plaut.
850 963 877 991 p.
899 954 936 982 55
961 963 1004 991 sq.
1029 956 1058 982 et
1084 955 1151 983 178.
1193 955 1266 984 Gra-

147 1007 231 1034 viora
254 1005 396 1034 videntur
419 1015 484 1043 quae
508 1016 544 1034 ex
567 1005 692 1034 historia
715 1008 866 1042 petuntur.
912 1005 987 1033 Nam
1012 1016 1047 1034 ex
1070 1017 1096 1035 v.
1122 1007 1192 1042 404,
1216 1007 1267 1036 ubi

147 1057 238 1085 Hiero
262 1067 350 1094 quum
380 1057 504 1085 maxime
528 1057 680 1094 Syracusis
710 1065 834 1092 regnare
863 1055 984 1091 dicitur,
1020 1057 1094 1086 effici
1124 1061 1268 1096 putarunt

149 1111 218 1137 ante
242 1118 267 1137 a.
294 1109 362 1143 216,
388 1118 446 1146 quo
471 1108 560 1137 Hiero
585 1111 718 1137 mortuus
742 1110 795 1141 est,
820 1110 914 1135 actam
938 1118 1001 1136 esse
1025 1108 1163 1138 fabulam.
1211 1110 1266 1140 Sed

148 1161 274 1198 primum
293 1161 323 1187 in
342 1162 405 1188 toto
422 1160 473 1188 illo
488 1160 550 1187 loco
568 1159 699 1188 historiae
719 1160 827 1187 veritas
846 1158 976 1187 ludibrio
995 1159 1130 1196 habetur,
1149 1161 1266 1198 deinde,

146 1214 180 1240 ut
203 1211 320 1239 Brixius
345 1210 564 1245 animadvertit,
595 1211 658 1239 fieri
681 1214 789 1249 potest⁷
820 1213 853 1238 ut·
877 1220 912 1238 ex
935 1210 1037 1240 Graeco
1060 1215 1147 1249 poeta
1170 1216 1266 1243 trans-

147 1263 224 1291 latus
242 1264 295 1297 sit;
321 1263 400 1300 quod
421 1263 444 1290 si
463 1262 572 1290 factum
592 1265 646 1297 est,
671 1262 700 1290 id
719 1272 809 1290 unum
829 1262 964 1298 efficitur,
989 1262 1121 1292 Graecam
1138 1264 1267 1294 fabulam

146 1315 224 1343 inter
248 1323 338 1342 annos
363 1315 421 1343 275
447 1316 476 1342 et
501 1314 560 1342 216
586 1324 611 1341 a.
637 1313 704 1342 Chr.
729 1323 756 1341 n.
781 1323 844 1341 esse
868 1314 1018 1351 scriptam.

233 1365 355 1394 Renatis
390 1368 487 1393 autem
521 1366 551 1394 in
579 1365 666 1393 Italia
695 1365 802 1393 litteris
831 1365 940 1393 multos
969 1365 1031 1394 haec
1059 1367 1159 1396 fabula
1189 1378 1268 1397 ama—

146 1420 226 1446 tores
254 1417 358 1445 hahuit.
385 1417 550 1454 saepiusque
581 1426 643 1445 eam
674 1416 720 1444 vel
751 1417 843 1454 ipsam
875 1417 1057 1447 rettulerunt
1083 1419 1130 1447 vel
1159 1420 1268 1449 imitati

146 1472 215 1497 sunt
249 1472 277 1497 et
310 1470 339 1496 in
368 1478 451 1496 suum
486 1478 571 1496 usum
606 1471 815 1496 converterunt
849 1471 953 1506 poetae.
1010 1469 1145 1499 Ferrarae
1169 1471 1267 1500 Plauti

146 1520 319 1548 Menaechmi
348 1530 373 1548 a.
402 1520 480 1548 1486
504 1519 606 1547 Italico
635 1529 720 1548 versa
749 1522 814 1547 acta
843 1530 905 1548 esse
928 1519 1060 1549 traditur
1084 1518 1186 1558 (Ruth,
1212 1522 1267 1552 Ge-

146 1571 277 1600 schichte
301 1571 353 1600 der
375 1571 530 1599 italischen
554 1571 656 1599 Poesie
679 1571 707 1599 II
730 1582 758 1609 p.
782 1568 864 1608 115),
888 1572 1056 1609 iterumque
1084 1573 1162 1602 1501
1187 1574 1266 1609 „Me-

147 1622 271 1651 nechino
300 1622 330 1650 di
353 1622 478 1650 Plauto“'
510 1625 623 1651 mutato
658 1624 776 1651 nomine
811 1624 841 1651 in
875 1623 1101 1652 similitudinem
1134 1634 1268 1662 personae

146 1674 310 1702 Mediolani
338 1675 456 1702 usitatae
485 1672 673 1709 (Burchardt,
703 1673 808 1702 Cultur
832 1674 884 1702 der
907 1674 1103 1703 Renaissauce
1125 1686 1155 1713 p.
1181 1674 1266 1713 319).

145 1725 190 1753 Ex
224 1725 279 1754 hac
308 1725 410 1753 fabulo
439 1735 496 1753 non
525 1735 619 1762 pauca
647 1725 816 1753 Bel-nardus
848 1725 998 1762 Dovitius,
1035 1726 1196 1756 cardinalis
1231 1727 1267 1755 dc

146 1777 284 1813 Bibienn,
320 1778 348 1804 in
379 1776 523 1811 fabulam,
559 1786 624 1814 quae
653 1776 824 1804 inscribitur
850 1775 1056 1814 „Calnudria“‚
1091 1781 1120 1806 et
1142 1778 1268 1807 Ioannes

146 1829 243 1857 Maria
266 1828 369 1857 Cecchi
394 1828 423 1856 in
450 1828 496 1862 „la
515 1825 642 1865 Moglie“
664 1828 890 1856 transtulerunt.
936 1828 1063 1866 Propius
1081 1829 1116 1857 ad
1129 1829 1266 1858 Plautum

146 1880 197 1908 alii
228 1881 429 1913 accesserunt,
464 1889 536 1916 quos
572 1882 707 1907 accurate
742 1880 920 1908 examinavit
944 1879 1033 1917 Gigas
1062 1881 1092 1908 in
1119 1880 1266 1913 „Nordisk

146 1931 291 1959 Tidskrift
313 1931 360 1959 for
383 1930 509 1968 Filologi
533 1940 570 1968 og
593 1929 790 1968 Paedagogik“
812 1941 839 1959 n.
859 1941 881 1960 s.
902 1932 915 1959 1
938 1941 966 1969 p.
989 1932 1046 1960 126
1066 1941 1129 1969 sqq.
1144 1929 1265 1969 (1874),

146 1982 270 2010 Ioannes
294 1981 438 2019 Georgius
461 1981 619 2017 Trissinus‚
652 1983 734 2010 cuius
758 1982 858 2010 fabula.
884 1982 915 2018 „1
940 1982 1107 2011 simillimi“
1134 1983 1267 2011 venetiis

146 2033 226 2061 edita
249 2036 293 2061 est
323 2044 348 2061 a.
377 2034 471 2068 1547,
506 2033 622 2069 Agnolo
645 2033 836 2069 Fimuzuola,
872 2035 953 2062 cuius
983 2035 1096 2072 optima
1125 2035 1268 2063 comoedia

149 2085 178 2121 „1
209 2082 331 2113 Lucidi“
368 2084 448 2112 edita
483 2088 528 2112 est
561 2084 720 2114 Florentiis
758 2086 847 2114 1549.
903 2085 978 2114 Tum
1013 2085 1138 2123 Hispani
1171 2088 1267 2124 poetae

143 2135 262 2164 Ioannis
282 2135 318 2164 de
330 2135 491 2164 'rimoneda
509 2139 554 2164 est
570 2135 727 2172 „Comedia
747 2137 782 2165 de
802 2137 847 2165 los
860 2136 1028 2166 Menecmos
1042 2134 1264 2174 (Menemnos)“
