1596 2478
304 170 344 199 ,12
821 170 910 196 Plauti
1214 172 1264 205 ΠΙ,
1283 174 1307 204 4,
1325 173 1427 199 65--77

735 263 990 305 Periphanes

866 317 986 350 Fateor
1008 329 1058 350 me
1081 320 1225 351 omnium
1377 329 1428 354 500

305 370 477 401 Hominum
502 381 573 401 esse
598 370 734 402 Athenis
759 371 874 403 Atticis
899 372 1031 404 minumi
1057 374 1150 412 preti.

305 424 368 455 Sed
393 428 428 455 tu
452 425 594 455 nouistin
619 424 784 457 fidicinam
808 426 1104 467 Acropolistidem?

770 493 961 526 Fidicina

303 545 382 576 Tam
406 546 500 577 facile
523 556 622 587 quam
646 558 706 578 me.

742 600 989 642 Periphanes

755 654 817 686 Ubi
842 655 992 688 habitat?

770 723 957 755 Fidicina

1030 778 1211 819 Postquam
1234 780 1382 819 liberast,

306 830 365 861 Ubi
390 830 528 868 habitet,
553 831 662 862 dicere
686 831 863 863 admodum
887 833 1011 864 incerte
1035 833 1112 864 scio.

740 891 990 932 Periphanes

303 944 372 975 Eho
395 955 436 975 an
462 944 566 975 libera
588 944 701 976 illast?
736 945 815 983 Quis
839 956 909 977 eam
933 945 1134 985 liberauerit⁷
1375 958 1425 983 505

303 999 385 1030 Uolo
409 999 501 1037 scire,
526 999 552 1030 si
578 999 650 1030 scis.

770 1052 959 1085 Fidicina

671 1107 707 1138 Id
732 1107 819 1148 qnod
844 1107 965 1144 audiui,
988 1108 1119 1140 audies:

301 1160 555 1201 Stratippoclem
579 1162 680 1199 aiunt,
706 1161 901 1202 Periphanai
926 1162 1037 1200 filium,

301 1214 477 1246 Absentem
502 1216 671 1247 curauisse
697 1221 732 1247 ut
755 1216 848 1247 fieret
871 1215 984 1247 libera.

732 1283 987 1324 Periphanes

302 1337 385 1368 Perii
410 1337 529 1373 hercle.
555 1338 582 1368 si
606 1338 708 1369 istaec
732 1348 812 1369 uera
836 1342 923 1375 sunt,
947 1339 1157 1378 planissume.

300 1391 409 1422 Meum
433 1392 639 1423 exenterauit
663 1391 820 1432 Epidicus
844 1394 1079 1433 marsuppium.
1374 1404 1426 1429 510

769 1452 959 1484 Fidicina

301 1505 389 1537 Haec
413 1506 460 1536 sic
483 1506 606 1537 audiui.
653 1505 737 1537 Num
761 1506 840 1547 quid
864 1517 913 1537 ine
937 1507 987 1538 uis
1011 1508 1177 1538 ceterum?

740 1565 988 1606 Periphanes

300 1619 386 1650 Malo
410 1619 555 1651 cruciatu
578 1623 615 1650 ut
638 1630 752 1660 pereas
777 1624 876 1660 atque
901 1620 1002 1651 abeas
1026 1620 1099 1651 cito.

768 1679 956 1711 Fidicina

301 1733 397 1764 Fides
421 1744 485 1764 non
508 1733 640 1765 reddis?

368 1854 418 1878 502
437 1852 591 1885 probistein
611 1852 756 1879 mulierem
774 1852 914 1878 fidicinam
934 1852 960 1878 A
1013 1852 1225 1886 cropolietidem
1242 1852 1270 1879 Β
1323 1855 1425 1880 bol—5

300 1899 428 1929 quattuor
448 1896 566 1922 versibus
654 1897 704 1921 503
723 1895 849 1921 ubertast
869 1894 894 1921 B
983 1897 1031 1921 504
1052 1895 1160 1921 habitet
1180 1895 1249 1921 Dum
1270 1897 1378 1922 incerto
1398 1896 1424 1922 Β

300 1941 349 1965 505
370 1939 477 1964 ΕΙιικιηί
498 1938 523 1964 Β
580 1938 709 1964 liberauit
727 1938 761 1970 A,
782 1938 898 1964 {ihc—rani
919 1937 946 1964 B
1007 1940 1056 1964 506
1076 1939 1170 1964 audiui
1190 1939 1243 1964 inm
1263 1939 1378 1965 audiens
1398 1939 1423 1965 A

299 1984 348 2007 507
370 1981 598 2014 struthippoclen
619 1982 651 2010 A,
671 1980 866 2014 stt-atippodon
888 1980 914 2007 B
1004 1981 1083 2007 uiunt
1101 1989 1149 2007 om.
1170 1981 1195 2007 Β
1274 1981 1422 2015 Periphani

300 2027 350 2050 508
369 2031 397 2050 ut
416 2024 496 2049 iic—ret
515 2024 572 2050 filia
591 2024 616 2050 A
694 2025 745 2050 509
765 2024 825 2049 Peri
846 2024 871 2050 A
953 2026 1004 2050 510
1023 2024 1176 2050 exintrauit
1194 2024 1220 2049 B
1291 2024 1423 2057 Epidicus

301 2068 491 2100 marsuppium
511 2067 647 2100 Epidicus
666 2066 690 2092 A
792 2068 839 2092 511
860 2075 933 2092 uunc
953 2068 974 2092 si
995 2067 1061 2099 quid
1082 2067 1123 2092 uis
1142 2075 1185 2091 me
1205 2066 1228 2091 A
1325 2067 1375 2092 512
1394 2070 1424 2092 ut

300 2110 426 2136 cruciatu
447 2114 475 2135 ut
493 2109 520 2134 A
