1596 2478
306 182 364 210 144
811 180 902 206 Plauti
1123 181 1170 214 IV,
1189 182 1212 213 3,
1231 180 1332 215 46-7,
1352 183 1376 216 1,
1395 183 1427 209 13

810 273 918 305 Simo

303 314 410 346 Sume.

721 368 1011 409 Theopropides

456 422 645 462 Eademque
670 433 772 463 opera
795 424 877 455 haec
900 424 959 454 tibi
983 434 1173 459 narr-auem,

304 476 382 514 Quis
407 486 457 507 me
481 476 638 516 exemplis
663 476 757 508 hodie
782 477 834 508 ille
857 477 1047 509 ludificatus
1071 482 1128 509 est.
1359 486 1425 512 1025

677 663 838 696 TRANIO
874 662 1048 695 SERUOS.

303 747 364 785 Qui
389 747 486 779 1101110
510 748 644 779 timidus
668 749 730 780 erit
754 749 786 780 in
811 748 907 780 rebus
931 748 1050 785 dubiis,
1074 748 1170 779 nauci
1194 759 1256 779 non
1282 749 1355 780 erit.

303 800 424 842 [Atque
449 801 608 842 equidem.
633 803 711 843 quid
733 802 765 834 id
785 813 857 834 essa·
877 803 982 833 dicam
1002 802 1136 833 uerbum
1154 803 1261 838 nauci,
1287 801 1422 843 nescio]

302 854 383 886 Nam
399 866 472 886 erus
486 866 535 886 nie
549 860 720 896 postquam
736 856 907 891 rus'misit,
927 855 1028 886 filium
1049 859 1086 887 ut
1103 866 1196 887 suum
1215 866 1423 894 arcesserem,

304 909 379 939 Abii
401 909 459 940 illa
483 920 540 949 per
563 910 770 951 angiportum
795 909 836 940 ad
860 909 991 941 hortum
1015 913 1162 940 nostrum
1186 909 1377 942 clanculum.

302 963 429 994 Ostium
453 963 540 1003 quod
565 964 597 994 in
621 964 798 1004 angiportu
821 966 870 994 est
893 963 990 1000 horti,
1014 963 1155 1003 patefeci
1179 962 1269 1001 fernz,
1358 973 1422 998 1030

301 1016 413 1057 anue
437 1016 532 1048 eduxi
557 1028 683 1049 omnem
708 1018 878 1058 legionem,
901 1019 935 1048 et
957 1017 1058 1048 maris
1082 1020 1115 1048 et
1138 1016 1283 1048 feminas.

300 1069 478 1111 Postquam
503 1081 541 1102 ex
565 1071 734 1102 obsidione
759 1071 790 1102 in
817 1074 923 1102 tutum
948 1070 1043 1102 eduxi
1068 1070 1258 1111 maniplaris
1283 1082 1381 1110 meos,

302 1122 404 1164 Capio
428 1125 608 1161 consilium,
632 1129 667 1156 ut
690 1128 838 1156 senatum
863 1134 1101 1163 congerronum
1125 1134 1311 1156 conuocem.

302 1177 461 1214 Quoniam
486 1179 675 1215 conuocaui,
700 1182 799 1218 atque
822 1178 868 1209 illi
894 1188 945 1209 me
970 1189 1007 1209 ex
1032 1182 1148 1209 senatu
1172 1182 1351 1218 segregant.

302 1231 363 1262 Ubi
381 1242 440 1271 ego
460 1242 509 1263 me
529 1232 624 1263 uideo
641 1232 837 1273 deprensum
857 1233 888 1263 in
908 1232 1014 1263 medio
1028 1232 1108 1267 fore.
1133 1236 1290 1272 quantum
1304 1236 1422 1273 potest,

299 1285 398 1317 Facio
422 1286 508 1317 idem
532 1286 618 1326 quod
645 1286 787 1327 plurumi
811 1286 884 1325 alii,
915 1286 1034 1327 quibus
1058 1296 1112 1317 res
1136 1286 1252 1318 timida
1274 1290 1331 1318 aut
1354 1290 1422 1318 tur-

1015 1340 1141 1372 bidast:
1357 1348 1422 1374 1036

299 1393 443 1433 Pergunt
465 1393 600 1426 turbare
624 1404 737 1435 usque,
762 1397 800 1425 ut
821 1404 861 1425 ne
885 1393 963 1434 quid
982 1394 1090 1433 possit
1113 1394 1356 1434 conquiescere.

299 1447 379 1478 Nam
410 1448 477 1478 scio
507 1448 657 1488 equidem
686 1448 775 1479 nullo
805 1451 902 1488 pacto
930 1448 994 1479 iam
1024 1458 1096 1479 esse
1120 1458 1215 1488 posse
1239 1447 1313 1478 haec
1336 1447 1420 1479 clam

1013 1512 1132 1533 88118111.

299 1597 365 1629 Aut
410 1621 788 1629 ........
1357 1606 1423 1632 1040

299 1650 363 1683 Pro
410 1674 790 1683 ........

298 1705 357 1736 Ille
409 1729 787 1737 ........

369 1807 433 1832 1024
448 1814 631 1840 personarum
647 1809 718 1833 notae
737 1814 787 1832 om.
876 1815 990 1840 operam
1010 1806 1036 1832 B
1124 1807 1190 1833 1025
1208 1806 1292 1832 hodie
1312 1806 1418 1833 91111116-

298 1851 376 1874 cums
395 1848 428 1880 Β,
447 1849 531 1874 hodie
610 1848 786 1875 eludificatns
807 1848 829 1875 G
976 1850 1041 1875 1026
1060 1850 1139 1876 tn'tulo
1158 1848 1418 1876 THEUROPIDES

299 1891 387 1917 SIMO
407 1890 530 1917 SENES.
548 1891 701 1917 LORARH
722 1892 785 1918 add.
805 1891 832 1917 B
897 1892 961 1917 hom
982 1891 1105 1917 tumidus
1126 1891 1148 1918 G
1215 1891 1292 1917 dubii
1313 1892 1350 1917 nis

298 1936 417 1959 nouerat
437 1933 459 1959 C
523 1934 588 1959 1028
608 1936 636 1959 ut
656 1933 741 1959 fliium
762 1942 840 1960 suum
861 1942 1033 1960 accersor-em
1103 1935 1167 1960 1029
1187 1934 1281 1960 Abina
1355 1935 1418 1967 agni

298 1976 474 2009 angiportum
495 1977 520 2002 B
589 1978 653 2003 1030
673 1977 748 2002 fores
816 1978 881 2002 1032
900 1977 1074 2010 opsidionem
1146 1978 1209 2003 1033
1228 1985 1418 2008 congeronem

301 2020 363 2044 1034
383 2022 530 2045 esa-»unum
550 2018 583 2051 B,
603 2027 617 2044 c
637 2023 750 2044 sotiatus
770 2019 789 2045 C
851 2023 1019 2052 mvi-nogant.
1038 2020 1059 2045 C
1121 2020 1186 2045 1035
1205 2027 1255 2046 om.
1274 2019 1302 2045 B
1366 2028 1419 2052 ogo

299 2070 341 2086 mo
361 2061 443 2086 uideo
463 2063 587 2087 uentrem
609 2061 636 2087 iu
657 2061 680 2087 0
737 2062 801 2087 103ss
820 2061 958 2095 aliquibus
1020 2062 1084 2088 1087
1104 2070 1137 2088 ne
1156 2070 1205 2088 οηι.
1226 2060 1248 2085 C
1299 2063 1363 2095 quid
1384 2062 1420 2089 sit

300 2104 365 2129 1033
384 2102 484 2129 Nescio
504 2103 530 2129 B
600 2103 667 2129 baec
686 2111 736 2130 om.
756 2103 808 2130 Bo
877 2105 1010 2130 1039—43
1029 2112 1078 2131 om.
1098 2103 1150 2131 Bc
