1596 2478
143 200 192 232 111,
211 201 235 232 2,
254 199 354 226 54-69
612 197 790 223 Mostellaria.
1197 196 1255 225 119

643 291 748 322 Simo

535 346 625 377 Tunc
647 345 780 384 flam-um
805 345 887 384 teryo
911 345 962 375 tuo
986 342 1201 384 portenditur,

141 401 219 433 Inde
243 400 449 438 ferriterium,
474 403 590 440 postea
613 409 696 430 erm.

620 458 767 490 Tranio

746 512 809 543 Per
832 514 885 543 tua
910 515 937 542 te
958 521 1065 551 qenua
1088 510 1235 548 obsecro,

141 569 188 601 Ne
210 569 363 600 indicium
388 578 443 600 ero
466 568 566 599 facias
591 577 670 598 meo.

647 626 750 658 Simo

530 680 556 712 E
581 691 639 719 me,
664 691 704 712 ne
728 680 805 721 quid
831 683 966 717 metuas,
992 679 1073 711 nihil
1098 680 1186 711 sciet.
1207 688 1259 714 ’730

622 740 647 771 Τ
654 751 670 771 r
677 751 696 771 a
704 751 722 771 n
731 741 741 771 i
750 751 768 771 o

141 786 289 823 Patrone,
314 785 413 817 salue.

643 843 746 875 Simo

445 898 533 930 Nihil
556 908 665 929 moror
687 897 765 928 mihi
789 897 973 928 istiusmodi
997 896 1135 928 clientis.

623 957 772 988 Tranio

225 1013 318 1046 Nunc
339 1013 409 1051 hoc,
433 1012 520 1054 quod
544 1012 586 1044 ad
609 1015 642 1043 te
665 1015 776 1043 noster
799 1021 849 1042 me
873 1011 962 1042 misit
985 1021 1083 1042 senex
1109 1028 1145 1033 —

645 1070 750 1103 Simo

225 1127 294 1159 Hoc
317 1127 395 1159 mihi
418 1126 579 1167 responde
602 1126 752 1166 primum,
776 1125 864 1166 quod
889 1135 948 1164 ego
972 1128 1005 1157 te
1028 1135 1122 1165 rogo:

225 1182 294 1213 Iam
317 1181 356 1213 de
379 1181 450 1212 istis
473 1180 571 1212 rebus
596 1184 706 1212 noster
730 1180 809 1220 quid
834 1180 938 1211 sensit
960 1179 1079 1211 senex?

623 1239 771 1271 Tranio

226 1284 315 1316 Nihil
338 1284 527 1326 quidquam.

647 1342 752 1374 Simo

581 1397 664 1428 Num
688 1397 766 1438 quid
791 1397 975 1437 increpauit
998 1396 1122 1428 filium?
1209 1405 1260 1431 735

624 1457 772 1488 Tranio

227 1513 307 1545 Tam
330 1512 502 1553 liquidust,
527 1523 624 1553 quam
648 1511 774 1552 liquida
798 1522 868 1543 esse
892 1515 1071 1552 tempestas
1095 1511 1186 1543 solet.

227 1567 322 1599 Nunc
345 1570 377 1598 te
401 1567 463 1598 hoc
486 1577 580 1598 orare
603 1567 700 1597 iussit
724 1577 819 1606 opere
844 1576 1005 1600 maxumo,

227 1621 270 1653 Ut
293 1621 355 1653 sibi
377 1621 492 1652 liceret
513 1621 673 1661 inspicere
698 1619 795 1651 hasce
819 1619 910 1651 aedis
934 1623 1018 1651 tuas.

653 1680 756 1711 Simo

227 1724 297 1756 Non
322 1727 399 1755 sunt
421 1723 562 1755 uenales.

625 1783 772 1814 Tranio

604 1837 677 1870 Scio
701 1838 851 1879 equidem
876 1839 974 1875 istucx,
998 1838 1055 1868 sed
1078 1848 1176 1869 senex

229 1892 434 1933 Gynaeceum
459 1891 632 1924 aedificare
656 1893 726 1924 uolt
748 1892 801 1924 hic
824 1892 855 1923 in
881 1892 949 1923 suis
1210 1902 1261 1926 740

228 1947 269 1978 Et
292 1947 439 1978 balineas
462 1950 495 1978 et
518 1946 739 1978 ambulacrum
764 1950 796 1978 et
820 1947 991 1987 porticum.

211 2058 262 2083 728
279 2057 359 2083 Tunc
378 2076 470 2083 ......
491 2057 545 2083 Cor
563 2057 688 2083 tenditur
759 2057 808 2082 729
827 2060 927 2089 postea
946 2077 1052 2083 .......
1073 2065 1143 2082 »anua
1212 2057 1263 2082 730

145 2101 217 2127 sciat
295 2101 345 2126 732
363 2109 453 2126 meme
532 2101 582 2126 735
600 2100 747 2133 quicquam
769 2108 850 2125 unum
923 2099 1102 2133 inerepitauit
1123 2099 1144 2125 0
1212 2100 1262 2125 736

144 2143 279 2177 liquidnm
298 2146 340 2169 est
409 2144 460 2169 740
479 2142 625 2169 Cineceum
646 2140 673 2167 Β
