1596 2478
146 169 198 202 111,
216 171 241 202 4,
259 170 361 196 ιιι-39
640 169 782 203 Epidicus.
1231 171 1271 201 39

582 262 828 304 Periphanes

962 316 1106 355 Attatae,

143 371 237 403 Nunc
257 371 386 403 demum
405 371 472 402 scio
490 381 549 411 ego
569 370 663 408 hunc,
689 370 745 411 qui
770 371 829 402 sit:
853 381 950 411 quem
969 370 1090 402 dudum
1112 370 1268 412 Epidicus

143 425 223 457 Mihi
247 425 451 466 praedicauit
475 424 620 456 militem.
668 424 879 463 Adulescens,
905 425 994 463 itast,

145 479 189 511 Ut
212 478 306 518 dicis;
331 479 404 510 emi.

645 531 760 563 Miles

455 584 535 617 Uolo
558 588 590 617 te
614 585 726 618 uerbis
749 586 910 626 pauculis,

142 640 176 672 Si
199 640 258 672 tibi
283 640 455 672 molestum
479 650 544 671 non
568 642 629 671 est.

573 701 827 742 Periphanes

667 755 740 786 Non
764 755 882 796 edepol
905 757 982 794 scio,
1214 766 1266 791 460

141 810 313 842 Molestum
337 820 438 841 necne
462 810 514 848 sit,
538 810 600 841 nisi
625 809 715 849 dicis,
742 809 819 850 quid
844 810 936 841 uelis.

643 872 757 904 Miles

140 926 219 957 Mihi
242 926 331 957 illam
356 929 393 957 ut
416 927 591 964 tramittas,
616 930 787 966 argentum
812 927 972 967 accipias3
996 927 1102 958 adest.

139 979 223 1011 Nam
247 980 325 1020 quid
350 990 410 1019 ego
434 980 521 1020 apud
546 983 578 1011 te
602 990 681 1011 uera
705 990 837 1021 parcam
862 981 1036 1021 proloqui?

138 1034 207 1074 Ego
230 1033 320 1065 illam
344 1033 419 1066 uolo
444 1034 540 1066 hodie
563 1035 672 1066 facere
695 1034 848 1066 libertam
873 1045 987 1073 ineam,

137 1087 217 1120 Mihi
241 1087 425 1120 concubina
448 1098 532 1128 quae
555 1088 606 1120 sit.

574 1150 819 1192 Periphanes

643 1205 688 1237 Te
713 1205 886 1237 absoluam
912 1206 1016 1238 breui.
1212 1216 1263 1242 465

137 1260 272 1299 Argenti
296 1260 537 1300 quinquaginta
559 1258 637 1291 mihi
659 1259 718 1291 illa
741 1263 851 1300 empta
874 1263 923 1292 est
947 1261 1058 1299 minis;

137 1313 171 1345 Si
194 1314 366 1353 sexaginta
389 1314 467 1345 mihi
491 1314 740 1345 dinumerantur
765 1314 880 1351 minae,

136 1367 223 1399 Tuas
247 1367 432 1408 possidebit
454 1367 572 1398 mulier
594 1368 670 1399 faxo
693 1368 808 1406 ferias3

137 1423 244 1462 Atque
268 1422 316 1453 ita
339 1421 497 1462 profecto,
522 1424 560 1453 ut
584 1432 654 1453 eam
679 1433 717 1453 ex
742 1422 803 1454 hoc
826 1433 982 1454 exoneres
1006 1434 1096 1462 agro,

639 1484 755 1516 Miles

136 1538 238 1570 Estne
261 1541 372 1578 empta
395 1538 474 1570 mihi
497 1538 570 1570 istis
593 1538 744 1578 legibus?

568 1597 820 1638 Periphanes

786 1652 917 1684 Habeas
942 1653 1027 1684 licet.
1212 1663 1264 1687 470

136 1706 362 1739 Conciliauisti
386 1706 509 1747 pulcre.
536 1723 573 1728 —
600 1706 699 1745 Heus,
722 1707 811 1738 foras
836 1707 975 1745 educite,

136 1761 241 1799 Quam
263 1760 504 1798 introduxistis,
529 1760 702 1792 fidicinam.
731 1778 767 1782 —
794 1761 901 1802 Atque
925 1762 1025 1793 etiam
1049 1762 1140 1799 fides,

134 1815 172 1846 Ei
196 1825 280 1856 quae
304 1824 481 1851 accessere,
504 1814 565 1846 tibi
590 1814 711 1846 addam
736 1815 820 1846 dono
845 1816 970 1855 gratiis.

136 1869 212 1908 Age,
236 1869 347 1909 accipe
371 1869 454 1900 hanc
479 1870 532 1900 sis.

202 1981 250 2005 461
272 1980 423 2006 Molestum
442 1988 500 2006 non
520 1983 562 2006 est
580 1980 607 2005 B
660 1980 730 2006 nihil
746 1980 772 2006 Α
791 1980 866 2013 quod
882 1981 908 2006 A
965 1981 1016 2006 462
1034 1981 1164 2013 accipias.
1183 1980 1264 2006 PER.

135 2022 246 2048 habeas.
266 2022 340 2048 MIL.
361 2022 431 2048 Nam
451 2022 478 2048 B
535 2023 654 2049 463—68
673 2027 804 2056 quattuor
822 2023 944 2049 versibus
1001 2024 1052 2049 463
1072 2032 1139 2049 uera
1158 2031 1207 2050 om.
1228 2023 1263 2052 B,

134 2065 221 2091 uerba
239 2065 265 2090 A
330 2066 380 2090 464
399 2065 482 2091 hodie
501 2066 566 2091 uolo
585 2066 611 2092 Β
676 2067 726 2092 467
746 2066 968 2092 demum-rantur
1037 2067 1157 2092 469—72
1176 2067 1263 2092 tribus

134 2107 255 2134 versibus
325 2109 376 2134 470
394 2112 488 2142 empta
507 2108 558 2134 tibi
578 2108 644 2135 llaec
664 2109 725 2135 istis
744 2108 770 2134 B
