1596 2478
317 163 356 192 52
842 159 932 186 Plauti
1260 159 1293 191 v.
1314 161 1336 193 1,
1359 161 1444 186 4—15

785 253 979 294 Epidicus

318 308 351 340 Si
377 307 527 339 undecim
552 307 630 339 deos
656 310 789 348 praeter
813 317 883 338 sese
907 317 1018 338 secum
1041 306 1186 339 adducat
1209 307 1366 348 Iuppiter,

316 361 368 392 Ita
392 371 455 392 non
479 371 590 393 omnes
615 371 654 392 ex
678 361 829 393 cruciatu
854 364 1008 401 poterunt
1032 361 1172 392 eximere
1195 360 1378 401 Epidicum.

320 414 537 455 Periphanem
562 425 668 446 emere
691 415 764 447 lora
786 414 869 453 uidi;
893 414 938 445 ibi
962 413 1078 446 aderat
1100 424 1166 446 una
1183 414 1374 455 Apoecides.
1393 423 1445 449 610

321 467 414 499 Nunc
437 467 584 500 homines
609 478 659 500 me
683 469 867 509 quaeritare
891 468 999 499 credo.
1047 467 1240 507 Senserunt3
1264 469 1379 507 sciunt,
1463 460 1467 464 ⁷

322 520 391 552 Sibi
416 521 495 553 data
519 531 589 553 esse
613 521 723 554 uerba.

728 592 1035 633 Stratippocles

723 645 809 683 Quid
832 646 912 686 agis,
936 656 1008 677 mea
1033 645 1258 677 coumoditas?

783 716 980 757 Epidicus

1217 770 1310 808 Quod
1335 772 1440 803 miser.

725 829 1031 870 Stratippocles

321 884 404 923 Quid
429 889 477 917 est
500 884 583 916 tibi?

782 937 974 977 Epidicus

641 992 726 1030 Quin
750 995 785 1022 tu
810 991 888 1022 mihi
912 991 1052 1022 adornas
1076 991 1118 1022 ud
1142 990 1251 1030 sugam
1276 992 1441 1028 uiaticum,

319 1046 512 1086 Priusquam
536 1045 657 1086 pereo?
681 1055 756 1076 nam
781 1055 839 1086 per
862 1044 975 1076 urbem
1000 1044 1063 1076 duo
1089 1044 1261 1076 defloccati
1284 1055 1378 1078 senes

318 1099 513 1137 Quaeritant
531 1109 596 1138 me;
622 1099 654 1130 in
674 1099 825 1130 manibus
843 1102 974 1138 gestant
990 1098 1124 1139 copulas
1144 1109 1253 1130 secum
1267 1099 1372 1131 simul.
1391 1108 1442 1134 615

728 1168 1032 1210 Stratippocles

319 1223 412 1255 Habe
436 1223 556 1256 bonum
580 1224 734 1255 animum.

781 1294 978 1334 Epidicus

614 1347 757 1385 Quidni?
780 1358 850 1387 ege,
874 1348 951 1388 quoi
975 1347 1113 1380 libertas
1136 1348 1169 1379 in
1194 1347 1312 1380 inundo
1335 1349 1439 1380 sitast.

728 1424 1032 1466 Stratippocles

321 1477 388 1517 Ego
412 1482 444 1509 te
468 1477 616 1510 seruabo.

781 1537 974 1578 Epidicus

665 1591 791 1632 Edepol
815 1602 865 1622 me
888 1591 936 1623 illi
959 1591 1087 1629 melius,
1111 1591 1139 1623 si
1163 1592 1274 1623 nancti
1298 1591 1398 1623 fuant.

320 1644 383 1675 Sed
409 1645 482 1685 quis
506 1644 588 1677 haec
605 1648 656 1676 est
675 1645 867 1677 muliercula.
884 1649 917 1677 et
934 1645 1002 1676 illic
1021 1645 1230 1683 rauastellus‚
1254 1646 1311 1686 qui
1328 1645 1441 1677 uenit?

727 1721 1033 1762 Stratippocles

319 1773 380 1805 Hic
404 1777 455 1805 est
478 1774 617 1813 danista,
640 1774 721 1807 haec
745 1775 801 1806 illa
824 1779 874 1806 est
896 1778 1016 1812 autem,
1043 1785 1141 1815 quam
1165 1775 1228 1806 emi
1246 1775 1285 1807 de
1310 1775 1441 1816 praeda.

782 1845 984 1887 Epidicus

1204 1899 1347 1931 Haecine
1371 1899 1442 1932 est'?

385 2009 437 2034 610
455 2007 632 2041 Periphanen
709 2009 806 2035 aderat
823 2008 862 2034 ibi
880 2008 907 2034 Β
984 2010 1035 2035 612
1055 2009 1121 2043 quid
1141 2010 1225 2041 unitis
1243 2009 1270 2035 A
1339 2009 1389 2035 615
1408 2008 1443 2035 nd

317 2050 405 2076 om.A
457 2052 507 2076 614
523 2055 587 2083 poet
601 2052 652 2077 615
661 2051 763 2084 pon.B
814 2052 864 2077 615
883 2051 947 2077 teA
1000 2060 1094 2078 secum
1106 2051 1213 2078 siauiB
1264 2052 1315 2078 616
1333 2051 1442 2085 Quippe

316 2093 368 2118 618
387 2092 545 2119 ranistessus
564 2093 599 2126 A,
619 2093 666 2120 ille
685 2102 787 2127 grauns
806 2093 946 2126 tellusque
964 2093 992 2120 Β
1061 2095 1111 2120 619
1129 2102 1210 2128 quam
1231 2102 1283 2126 ego
1302 2094 1354 2119 emi
1374 2094 1400 2120 A
