1596 2478
158 890 332 939 Cistellaria
344 910 444 938 fabula
457 913 509 945 est,
528 910 558 937 in
577 919 634 947 qua
653 910 753 945 agitur
771 909 806 937 de
820 900 1010 937 cistella'cum
1025 909 1206 946 crepundiis,
1226 919 1285 946 qua

158 963 279 990 inventa
309 962 480 999 agnoscitur
504 960 565 988 filia
587 960 656 988 olim
687 961 851 997 supposita.
903 960 1118 996 Argumentum
1147 960 1207 988 tale
1230 963 1283 988 est.

158 1012 292 1050 Sicyone,
316 1013 368 1041 ubi
391 1012 490 1040 fabula
509 1013 617 1049 agitur,
642 1011 871 1046 Rhnnostratam
890 1011 1020 1049 puellam
1039 1011 1197 1047 ingenuam
1217 1014 1286 1039 ante

159 1064 323 1092 octodecim
359 1074 450 1092 annos
485 1065 638 1091 amaverat
660 1062 804 1100 Demipho
839 1065 987 1090 mercator
1020 1062 1172 1090 Lemnius.
1229 1063 1285 1097 Qui

159 1125 248 1152 quum
283 1115 402 1143 domum
432 1115 561 1142 redisset
589 1114 736 1151 aliamque
766 1113 807 1141 ibi
835 1124 957 1142 uxorem
986 1113 1133 1150 duxisset,
1167 1114 1285 1142 Phano-

158 1168 256 1194 strata
280 1166 419 1204 puellam,
443 1176 531 1203 quam
555 1166 682 1203 peperit,
707 1175 855 1202 exponere
878 1168 982 1193 coacta
1010 1167 1063 1193 est.
1120 1164 1287 1203 Lampadio

159 1227 262 1246 servus
285 1218 347 1245 eius
371 1217 513 1245 infantem
534 1218 563 1245 in
584 1216 783 1254 hippodromo
801 1217 936 1254 proiecit,
960 1216 1124 1254 proculque
1143 1217 1288 1254 aspiciens

160 1279 176 1297 a
198 1269 322 1296 muliere
351 1268 479 1306 quadam
508 1268 573 1296 tolli
603 1268 825 1296 animadvertit.
883 1268 950 1296 Haec
980 1267 1108 1305 puellam
1138 1268 1288 1296 Melaenidi

162 1321 263 1348 amicae
292 1320 400 1354 tradit,
437 1329 502 1357 quae
532 1329 595 1347 eam
624 1329 680 1356 pro
709 1329 762 1347 sua
792 1319 899 1347 educat
922 1322 951 1347 et
975 1319 1121 1347 Selenium
1145 1320 1288 1357 appellat.

160 1370 303 1399 Adultam
327 1370 403 1399 hanc
426 1370 673 1405 Alcesimarchus,
697 1370 870 1398 adolescens
895 1370 1050 1407 Sicyonius
1081 1370 1177 1407 dives,
1209 1374 1289 1399 amat

161 1424 191 1449 et
214 1421 293 1450 domi
317 1421 396 1459 apud
421 1432 451 1450 se
474 1422 573 1450 habet.
625 1421 682 1450 Sed
714 1424 800 1459 pater
828 1422 890 1449 eius
914 1422 1002 1449 aliam
1026 1422 1052 1449 ei
1076 1431 1197 1450 uxorem
1221 1432 1288 1460 spo-

161 1473 318 1511 ponderat,
348 1473 542 1510 Demiphonis
566 1474 657 1501 filiam
681 1483 717 1500 ex
741 1473 864 1500 Lemnia
887 1482 979 1501 uxore
1002 1475 1116 1508 natam3
1142 1473 1288 1511 Demipho

162 1525 239 1551 enim
264 1526 334 1561 post
361 1524 448 1553 huius
476 1526 578 1552 uxoris
608 1527 732 1552 mortem
757 1534 821 1552 cum
845 1524 907 1552 filia
930 1524 1085 1561 Sicyonem
1109 1525 1290 1561 migraverat

161 1577 192 1602 et
215 1585 279 1603 cum
299 1575 505 1610 Phanostrata,
531 1585 619 1612 quam
642 1576 726 1613 prius
751 1579 911 1611 amaverat,
937 1585 1046 1603 novum
1068 1576 1290 1603 matrimonium

160 1626 308 1653 iunxerat.
354 1626 407 1654 His
431 1626 540 1654 auditis
560 1626 701 1662 Melaenis,
727 1636 791 1664 quae
816 1626 965 1654 Selenium
984 1626 1196 1654 Alcesimarchi
1217 1636 1288 1654 uxo-

163 1686 226 1705 rem
248 1678 311 1705 fore
335 1680 519 1714 speraverat,
544 1688 607 1705 eam
632 1678 669 1705 ad
693 1688 723 1706 se
747 1681 874 1706 revocat.
932 1678 977 1705 Ea
1000 1681 1098 1706 autem
1122 1688 1213 1715 quum
1238 1687 1290 1705 nec

162 1729 265 1756 matris
288 1728 411 1766 imperio
439 1739 498 1756 non
527 1739 632 1766 parere
661 1730 800 1765 auderet,
834 1739 888 1757 nec
916 1729 1134 1758 Alcesimarcho
1169 1730 1290 1758 absente

162 1779 238 1807 aedes
262 1779 318 1807 sibi
341 1779 469 1808 creditas
492 1783 604 1809 temere
628 1781 798 1817 relinquere
816 1783 925 1817 posset,
950 1781 1073 1809 amicam
1093 1781 1289 1816 meretricem,

163 1829 364 1866 Gymnasium,
399 1831 562 1868 persuadet
590 1834 623 1859 ut
652 1841 705 1860 suo
740 1832 805 1860 loco
834 1832 910 1860 aedes
939 1832 1152 1860 Alcesimarchi
1181 1835 1289 1861 servet.

163 1880 212 1909 Sic
236 1881 408 1909 adulescens
431 1881 527 1910 redux
549 1892 604 1920 pro
628 1883 737 1919 amica,
770 1893 859 1921 quam
884 1884 1034 1920 aegerrime
1058 1883 1289 1918 desideraverat,

163 1932 252 1961 aliam
276 1933 354 1960 domi
378 1942 437 1961 suae
461 1934 615 1962 mulierem
638 1935 760 1962 invenit.
806 1934 870 1969 Quo
894 1934 974 1962 facto
997 1935 1042 1962 ira
1065 1938 1095 1963 et
1114 1935 1290 1973 aegritudine

164 1986 370 2012 consternatus
403 1994 457 2012 nec
491 1985 578 2013 minis
612 1995 664 2013 nec
698 1985 836 2023 precibus
869 1986 1055 2014 Melaenidem
1089 1987 1126 2014 ad
1160 1987 1291 2024 puellam

164 2034 344 2063 reddendam
368 2035 530 2073 perducere
553 2038 663 2073 potest.
716 2037 826 2065 Verum
849 2037 968 2065 interim
992 2037 1139 2075 Demipho
1164 2041 1194 2066 et
1216 2037 1290 2065 Pha-

164 2088 298 2113 nostrata
320 2086 377 2114 iam
401 2087 479 2115 iusto
503 2088 693 2115 matrimonio
716 2089 809 2116 iuncti
826 2087 917 2116 filiam
936 2088 1018 2117 illam
1037 2089 1106 2117 olim
1126 2090 1290 2127 expositam

166 2146 344 2174 recuperare
367 2139 533 2174 cupientes,
557 2138 762 2176 Lampadioni,
786 2140 837 2176 qui
856 2149 919 2168 eam
938 2143 1125 2177 exposuerat,
1149 2141 1292 2168 mandant
