1596 2478
332 222 370 251 34
847 216 937 243 Plauti
999 190 1009 200 ”
1255 215 1289 248 11,
1309 217 1332 248 6,
1351 217 1457 244 ‹ss-⁰9

771 311 863 344 Cleo
872 323 886 343 s
896 315 1007 343 trata

841 365 948 397 Teneo
973 369 1103 397 sortem.

772 442 796 474 L
804 453 822 483 y
830 442 891 474 sid
902 452 921 473 a
929 453 957 473 m
970 453 988 473 u
999 453 1013 473 s

1152 484 1247 516 cher
1271 484 1366 516 foras.

795 546 991 578 Chalinus

332 602 442 633 Iamne
466 601 645 633 mortuu's‘?

771 663 821 704 Ly
831 663 963 694 siclam
972 673 990 694 u
1001 674 1015 694 s

620 716 771 749 Ostende.

803 786 829 818 O
838 785 935 826 Iymp
945 786 980 815 io

761 839 834 871 Mea
857 844 916 870 est.

793 907 986 939 Chalinus

893 961 981 992 Mala
1004 971 1081 992 crux
1105 971 1144 992 ea
1168 966 1216 992 est
1241 962 1382 1003 quidem.
1403 970 1454 997 395

773 1029 1012 1071 Lysidamus

333 1082 446 1114 [ictus
471 1094 513 1121 es,
540 1082 685 1116 Chaline.
733 1083 835 1121 Quom
861 1094 918 1115 nos
942 1083 973 1114 di
998 1084 1120 1116 iuuere.
1145 1084 1303 1125 Olympio,

331 1137 475 1168 Gaudeo.

801 1191 986 1232 Olympio

528 1245 652 1277 Pietate
676 1246 796 1277 sactum
822 1250 871 1277 est
895 1255 966 1276 rnea
989 1249 1089 1285 atque
1113 1246 1270 1276 maiorum
1296 1257 1410 1278 meum.

772 1316 1012 1357 Lysidamus

333 1371 420 1402 Intro
444 1371 508 1403 abi.
533 1381 622 1406 uxor,
647 1374 746 1411 atque
772 1371 896 1402 adorna
919 1370 1059 1411 n‘uptias.

775 1437 1008 1470 Cleostrata

1093 1492 1222 1524 Faciam
1248 1496 1284 1524 ut
1307 1492 1408 1524 iubes.

772 1545 1007 1586 Lysidamus

332 1602 404 1632 §cin
430 1605 473 1639 tu,
499 1612 554 1632 rus
579 1601 653 1632 hinc
677 1610 746 1632 esse
770 1600 811 1631 ad
836 1599 946 1631 uillam
971 1599 1074 1640 longe,
1099 1611 1162 1640 quo
1188 1601 1308 1632 ducat?

777 1664 1007 1697 Cleostrata

1325 1709 1408 1740 Scio.

772 1762 1006 1803 Lysidamus

333 1818 420 1849 Intro
435 1817 486 1849 abi
502 1822 542 1855 et,
562 1827 758 1858 quamquam
779 1816 839 1848 hoc
852 1816 911 1847 tibi
923 1825 1019 1856 aegre
1037 1819 1095 1853 est,
1115 1820 1221 1848 tamen
1240 1816 1291 1848 fac
1303 1816 1452 1848 adcures.

777 1884 1013 1916 Cleostrata

1283 1927 1382 1959 Licet.
1401 1936 1454 1961 400

417 2031 464 2055 394
486 2029 563 2056 SEN.
584 2034 666 2056 teneo
686 2030 704 2056 I
755 2029 808 2056 LY⁴
829 2037 878 2056 om.
895 2029 912 2055 Ι
962 2030 1012 2054 395
1033 2028 1078 2054 CH
1098 2035 1146 2055 om.
1168 2027 1214 2054 ΙΕ
1263 2029 1317 2056 OL.
1329 2029 1452 2055 Ostende

333 2081 393 2098 mea
481 2074 588 2098 crucias
607 2072 719 2106 quidem
803 2072 852 2098 396
871 2071 906 2098 Μ.
926 2071 1022 2097 vietus
1042 2070 1068 2097 B
1155 2070 1317 2098 chaline.S.
1337 2080 1398 2098 eum
1418 2071 1453 2103 B,

331 2115 420 2140 calino
439 2121 494 2140 tum
517 2115 534 2141 I
657 2115 703 2141 diu
723 2114 818 2141 uiuere
838 2114 900 2143 BE.
921 2114 984 2139 dum
1005 2113 1100 2140 uiuere
1118 2114 1134 2140 1
1261 2115 1310 2140 397
1328 2122 1452 2140 meorum

331 2158 380 2183 890
401 2158 456 2182 ruri
478 2166 537 2183 ‹¹an
622 2158 672 2184 399
691 2166 731 2191 sq.
753 2156 830 2183 SEN.
851 2158 914 2183 Scio
933 2157 1007 2182 intro
1027 2156 1046 2182 I
1112 2157 1162 2182 400
1181 2164 1293 2182 accures
1313 2156 1379 2183 licet
1397 2156 1418 2183 I
