1596 2478
309 232 326 259 10

801 230 887 255 Plauti
1220 229 1255 259 ΙΙ,
1275 230 1299 259 2,
1318 230 1402 254 4-15

288 232 305 259 1⁵

719 323 962 363 Lysidamus

492 377 558 417 Ego
583 378 666 408 euim
693 378 801 408 uocari
827 378 914 408 iussi.

746 431 939 476 Chaunfis

946 499 1117 540 Eloquere,
1141 500 1220 541 quid
1243 501 1332 533 uelis.
1351 509 1403 535 260

725 558 964 598 Lysidamus

289 611 428 642 Primum
454 622 511 651 ego
535 616 566 643 te
592 612 788 652 porroctiore
812 612 917 644 fronte
941 612 1015 644 uolo
1040 623 1162 644 mecum
1187 613 1284 655 loqui.

289 665 435 696 Stultitia
456 670 514 703 est,
533 667 561 697 ei
580 670 611 696 te
631 676 700 697 esse
720 667 854 702 tristem,
873 667 988 707 quoius
1007 670 1152 706 potestas
1172 667 1243 707 plus
1263 671 1380 708 potest.

288 719 397 750 Bonae
422 720 504 759 frugi
528 719 688 750 hominem
713 724 745 751 te
769 720 831 750 iam
857 719 980 760 pridem
1005 731 1077 752 esse
1102 720 1254 752 arbitror.

745 787 942 820 ChaHnus

1236 843 1402 884 Intellego.

291 894 382 933 Quin,
407 896 432 925 si
457 896 502 926 ita
525 895 697 929 arbitrare.
723 897 844 927 emittis
868 907 917 928 me
942 897 1061 928 manu?

722 964 963 1005 Lysidamus

1105 1008 1188 1046 Quin
1213 1008 1243 1039 id
1268 1008 1360 1048 u010;

290 1060 351 1091 Sed
376 1060 454 1092 nihil
479 1064 537 1097 est,
564 1071 612 1092 me
636 1072 751 1101 cupere
778 1063 908 1092 factum.
934 1062 996 1092 nisi
1014 1065 1050 1092 tu
1068 1062 1163 1093 iactis
1183 1062 1329 1094 adiuuas.
1354 1071 1404 1097 265

748 1131 947 1164 Chalinus

289 1185 357 1222 Quo
381 1186 412 1216 id
438 1185 519 1217 uelis
545 1186 648 1223 modo,
673 1186 703 1217 id
728 1186 825 1218 uelim
850 1197 899 1217 me
922 1187 1011 1218 scire.

728 1246 915 1287 Lysidam
925 1257 965 1277 us

900 1300 1071 1339 Ausculta;
1095 1311 1154 1340 ego
1177 1301 1319 1343 eloquar.

289 1352 439 1384 Casinam
464 1364 522 1393 ego
546 1365 677 1386 uxorem
703 1355 834 1394 promisi
858 1354 954 1385 uilioo
980 1359 1089 1386 nostro
1113 1354 1199 1387 dare.

748 1412 940 1445 Chalinus

290 1468 329 1498 At
352 1471 409 1499 tua
432 1478 514 1499 uxor
537 1467 688 1509 filiusque
712 1469 932 1508 promiserunt
955 1469 1041 1500 mihi.

729 1529 965 1569 Lysidamus

1093 1582 1182 1622 Sci03

290 1636 352 1667 Sed
377 1639 483 1667 utrum
508 1648 591 1668 uunc
615 1641 648 1667 tu
674 1636 830 1668 caelibem
856 1641 886 1667 te
910 1647 980 1667 esse
1004 1637 1107 1668 mauis
1130 1636 1279 1673 liberum,

288 1691 334 1721 An
360 1691 510 1721 maritum
536 1701 663 1721 seruum
688 1695 829 1722 aetatem
854 1690 971 1730 degere
996 1694 1028 1721 et
1053 1694 1170 1730 gnatos
1194 1693 1294 1722 tuos?
1355 1699 1406 1724 270

289 1744 386 1784 Optio
411 1744 490 1775 haec
515 1750 570 1776 tua
594 1749 657 1783 θεῖς
689 1749 793 1776 utram
825 1745 938 1775 hai-uni
965 1745 1013 1775 uis
1037 1745 1261 1776 condicionem
1284 1746 1404 1786 accipe.

748 1803 944 1835 Chalinus

291 1858 388 1889 Liber
411 1859 437 1890 si
462 1860 531 1896 sini,
557 1870 625 1891 ineo
649 1858 772 1900 periclo
797 1859 922 1896 uiuam3
947 1868 1030 1890 nunc
1055 1859 1130 1890 uiuo
1155 1863 1219 1890 tuo.

290 1912 335 1942 lle
359 1911 478 1943 Casina
502 1917 625 1945 certum
651 1917 700 1945 est
723 1914 901 1945 concedere
926 1912 1046 1944 homini
1071 1917 1148 1945 nato
1173 1913 1302 1944 nemini.

373 2042 422 2067 260
441 2040 579 2067 iusaieBE
667 2042 713 2066 261
737 2041 937 2073 porri-otiorum
963 2041 987 2066 Ε
1075 2040 1194 2067 frontem
1216 2040 1273 2066 BE
1355 2041 1406 2066 263

290 2083 342 2109 l'ro
363 2084 442 2110 buuae
505 2088 531 2109 te
550 2092 599 2110 om.
622 2084 644 2109 l:
705 2084 757 2109 iam
779 2084 885 2117 pridem
905 2092 954 2110 om.
977 2085 991 2110 1
1054 2085 1103 2110 266
1121 2082 1192 2116 Quid
1212 2083 1272 2115 BE,
1292 2082 1371 2116 Quod
1394 2084 1406 2108 1

374 2127 491 2152 miscere
584 2126 681 2160 loquar
701 2127 761 2159 ΒΕ,
782 2128 880 2159 loquor
898 2127 916 2152 I
1003 2126 1053 2153 268
1071 2125 1142 2153 filius
1161 2134 1223 2160 qum
1244 2126 1272 2152 E
1356 2127 1402 2152 271

290 2174 380 2194 utrum
403 2169 428 2194 Ε
495 2169 658 2195 contlitionu
681 2170 692 2195 Ι
761 2171 811 2195 273
831 2173 897 2195 uoto
921 2170 941 2194 1:
