1596 2478
319 185 376 213 198
824 181 913 208 Plauti
1224 182 1269 214 IV,
1287 184 1311 214 2,
1332 184 1432 209 11—36

518 277 682 309 Sollicitos
706 280 862 317 patronos
886 276 1016 308 liabent.

400 331 516 362 Datum
542 331 712 369 denegant,
732 330 817 371 quod
837 329 949 361 datum
973 334 1032 368 est,
1051 330 1155 362 litium
1175 331 1272 371 pleni,
1296 341 1431 371 rapaces

519 384 587 416 Uiri
611 383 820 422 fraudulenti,

519 438 580 476 Qui
604 442 660 469 aut
683 438 794 470 fenore
818 441 876 469 aut
900 439 1050 479 periuriis
1383 448 1434 473 570

402 492 532 524 llabent
555 503 622 523 rem
648 495 812 533 paratam3
836 503 926 523 mens
950 496 1001 523 est
1024 493 1054 523 in
1079 492 1230 533 querelis.

318 547 398 578 luris
423 546 478 577 nbi
503 546 624 577 dicitur
647 546 726 584 dies,
751 546 845 578 simul
872 547 1018 586 patronis
1043 546 1172 577 dicitur.

400 599 543 641 [Quippe
567 601 622 641 qui
647 611 704 640 pro
728 600 793 631 illis
817 600 1003 640 loquantur.
1028 611 1111 640 quae
1137 600 1220 632 male
1245 601 1388 632 feceriut.

401 655 466 686 Aut
488 654 530 685 ad
554 654 711 695 populum
734 659 791 686 aut
814 655 845 685 in
870 655 938 685 iure
963 659 1019 685 aut
1042 654 1082 685 ad
1108 654 1246 686 iudicem
1271 666 1322 687 res
1346 655 1421 696 est]

316 708 406 740 Sicut
423 718 473 739 nie
491 707 588 739 hodie
606 709 700 739 nimis
719 708 896 740 sollicitum
916 708 1017 739 cliens
1034 708 1167 748 quidam
1186 709 1309 746 habuit,
1329 720 1432 751 neque

1029 763 1117 804 quod
1140 762 1229 794 uolui
1383 773 1433 798 575

317 818 421 857 Agere
445 821 504 848 aut
527 818 656 858 quicum
681 816 844 848 lubitumst
866 817 1038 855 licitumst3
1068 817 1116 848 ita
1139 827 1188 848 me
1211 817 1362 852 adtinuit.
1386 818 1433 850 ita

1030 871 1178 903 detinuit.

317 924 411 964 Apud
434 924 550 957 aedilis
574 936 632 966 pro
657 926 726 956 eius
751 925 845 956 factis
870 925 1090 965 plurumisque
1115 926 1340 967 pessumisque

319 978 391 1009 Dixi
415 989 555 1010 causam.
602 978 818 1010 Condiciones
842 979 937 1010 tetuli
961 983 1076 1017 tortas,
1100 980 1327 1020 confragosas3

318 1032 383 1064 Aut
406 1033 479 1074 plus
503 1037 561 1065 aut
584 1034 690 1065 minus
713 1044 812 1075 quam
830 1044 910 1074 opus
929 1034 1035 1065 fuerat
1053 1033 1140 1065 dicto
1159 1033 1304 1066 dixeram
1322 1035 1342 1073 †
1359 1045 1433 1066 cou-

1030 1089 1226 1119 trouersiam
1250 1093 1287 1119 ut

319 1139 458 1181 Sponsio
481 1141 575 1173 fieret
598 1141 626 1180 †.
672 1142 756 1180 Quid
780 1142 835 1173 ille
859 1143 914 1183 qui
939 1141 1092 1182 praedem
1117 1141 1223 1180 dedit3
1384 1152 1435 1177 580

317 1195 383 1227 Nec
408 1197 510 1236 magis
536 1196 750 1228 manufestum
777 1207 836 1236 ego
861 1196 1021 1227 hominem
1043 1206 1194 1236 umquam
1214 1196 1312 1228 ullum
1332 1200 1434 1229 teucri

1031 1249 1107 1281 uidi.

317 1304 475 1336 Omnibus
499 1304 680 1336 malefactis
703 1309 802 1337 testes
827 1309 892 1336 tres
917 1304 1054 1335 aderant
1077 1305 1246 1336 acerrumi.

318 1358 356 1389 Di
380 1358 470 1389 illuni
490 1370 602 1391 omnes
623 1359 770 1400 perdant,
795 1360 840 1390 ita
858 1359 936 1390 mihi
956 1359 1042 1390 huno
1060 1358 1155 1390 hodie
1174 1360 1321 1399 corrupit
1339 1359 1433 1394 «licui,

317 1414 434 1453 Meque
458 1413 550 1451 adeo,
574 1415 629 1455 qui
655 1413 749 1445 hodie
773 1414 878 1446 forum
897 1423 1051 1454 umquam
1071 1413 1174 1445 oculis
1196 1413 1321 1454 inspexi
1343 1415 1433 1446 ineis?

317 1468 408 1499 Diem
433 1469 562 1508 corrupi
587 1472 765 1508 optumum.
813 1467 894 1498 Iussi
919 1467 1073 1508 adparari
1098 1467 1284 1507 prandium;
1385 1478 1435 1502 585

319 1522 431 1552 Amica
455 1526 623 1562 exspectat
648 1533 706 1557 me,
730 1523 805 1553 scio.
852 1521 915 1553 Ubi
940 1522 1078 1562 primum
1103 1526 1154 1552 est
1177 1521 1310 1560 licitum,
1335 1523 1408 1554 ilico

318 1575 495 1616 Properaui
519 1576 608 1607 abire
633 1576 672 1607 de
696 1576 778 1607 foro.
823 1575 955 1614 Iratast‚
981 1575 1087 1614 credo,
1110 1585 1195 1607 nunc
1218 1575 1306 1607 mihi.

520 1630 669 1662 Placabit
694 1630 790 1670 palla,
815 1641 912 1670 quam
937 1629 1020 1667 dedi,

403 1683 506 1721 Quam
531 1684 625 1716 hodie
650 1686 740 1717 uxori
765 1684 886 1717 abstuli
911 1689 1009 1726 atque
1034 1683 1108 1716 huic
1132 1683 1235 1716 detuli
1259 1684 1380 1716 Erotio.

386 1789 504 1814 568—72
523 1787 610 1814 m'bus
629 1787 750 1814 versibus
768 1785 795 1813 B
904 1787 955 1812 570
972 1786 1085 1812 fenoroa
1103 1786 1232 1819 periuriis
1250 1785 1276 1811 B
1386 1788 1432 1812 571

319 1836 412 1857 mense
432 1831 458 1856 in
479 1838 533 1863 qno
553 1839 582 1855 re
601 1830 647 1856 Lis
667 1829 701 1861 B,
721 1838 833 1855 mensae
852 1829 936 1862 inquo
957 1829 995 1854 ire
1016 1829 1050 1855 lis
1069 1828 1091 1855 C
1172 1830 1223 1854 572
1242 1829 1308 1855 uiris
1387 1831 1435 1855 574

319 1873 435 1900 aedilem
455 1873 481 1898 A
541 1874 592 1898 575
610 1873 693 1899 Minis
713 1872 734 1899 C
799 1873 849 1898 576
867 1877 914 1898 aut
933 1879 982 1898 om.
1002 1871 1057 1904 BC,
1076 1881 1109 1897 uu
1128 1871 1154 1896 A
1219 1871 1365 1898 lubitumst
1383 1880 1432 1899 om.

321 1917 355 1942 ita
375 1916 470 1942 denuit
485 1915 520 1947 Β,
541 1917 579 1941 ita
597 1924 640 1941 me
660 1915 778 1941 detinuit
791 1916 812 1941 C
863 1916 912 1940 577
933 1915 1046 1947 proeliis
1101 1915 1233 1947 plurumis
1246 1914 1267 1940 C
1317 1915 1436 1941 577-78

320 1967 373 1985 uno
392 1967 470 1985 versu
549 1959 599 1984 578
617 1958 714 1984 Deixei
734 1958 760 1984 A
834 1957 922 1983 ‹lotuli
942 1957 966 1982 A
1046 1958 1095 1983 579
1114 1965 1168 1990 qua
1187 1957 1212 1982 A
1288 1966 1357 1991 opus
1376 1962 1436 1984 emt

320 2003 407 2028 multo
428 2003 550 2028 dixeram
568 2001 618 2027 Bc
671 2005 701 2026 ut
717 2001 842 2034 proaeimo
862 2008 937 2026 versu
953 1999 1005 2026 ΒΟ
1054 2000 1105 2025 580
1122 2000 1202 2026 fieret
1229 1999 1283 2026 PE.
1303 2000 1372 2034 Quid
1389 2000 1439 2027 BC

388 2045 517 2078 pramlum
540 2044 588 2070 BC
651 2046 696 2070 581
720 2044 859 2069 hominem
880 2051 961 2076 qnam
984 2043 1056 2069 illum
1076 2044 1102 2068 A
1162 2044 1212 2068 582
1231 2043 1395 2069 acerrumuii
1416 2043 1438 2069 C

319 2089 368 2114 583
388 2088 542 2120 corrumpit
601 2088 651 2112 534
669 2087 779 2120 quiodie
838 2086 1007 2119 inspeximus
1019 2084 1054 2116 Β,
1074 2085 1268 2119 inspicimusC
1318 2087 1436 2112 588—89

320 2139 372 2157 ιιιιο
392 2138 471 2156 versu
541 2132 591 2156 585
611 2129 732 2155 Placebit
752 2128 773 2154 C
841 2128 890 2154 589
910 2128 991 2153 boun·
1011 2135 1061 2154 om.
1081 2127 1107 2154 B
