1596 2478
154 194 187 226 ιι,
207 196 231 226 5,
252 195 346 220 15—31
659 186 782 220 Casinaf
1229 196 1268 224 25

617 289 799 328 Olympio

152 342 274 381 Negaui
299 343 381 373 enim
408 343 469 382 ipsi
494 353 543 373 mo
567 353 796 374 concessurum
821 343 899 381 Ioui,

151 396 184 427 Si
209 396 235 427 is
262 406 384 428 mecum
409 400 527 427 oraret.

592 473 823 514 Lysidamus

580 527 617 559 Di
642 532 673 558 te
698 529 878 559 seruassint
903 528 988 558 mihi.

620 603 800 645 Olympio

151 657 243 688 Nunc
266 659 297 688 in
322 658 478 689 fermento
502 660 574 688 tota
597 661 662 696 est3
686 658 730 689 ita
755 661 863 696 turget
889 658 973 688 mihi.

592 734 826 775 Lysidamus

154 788 275 828 Edepol
301 799 359 828 ego
385 788 473 819 illam
498 788 636 820 mediam
661 789 824 829 diruptam
851 788 956 820 uelim.
1221 798 1270 821 305

619 873 798 914 Olympio

150 926 254 958 Credo
278 928 392 966 edepol
418 938 496 960 esse.
522 929 547 958 si
572 927 702 968 quidem
727 931 760 958 tu
786 926 869 967 frugi
895 928 996 958 bonae
1022 940 1063 959 us.

151 981 269 1012 Uerum
295 982 409 1022 vdepol
433 985 490 1013 tua
514 982 592 1013 mihi
619 982 732 1013 odiosa
755 986 803 1013 est
827 983 964 1021 amatim

151 1035 285 1066 Inimica
309 1039 357 1067 est
380 1040 437 1066 tua
461 1046 542 1066 uxor
566 1035 652 1072 mihi,
675 1036 825 1066 inimicus
850 1035 945 1069 filius.

151 1089 275 1120 Inimici
300 1089 487 1121 familiare&

591 1166 826 1207 Lysidamus

551 1220 633 1258 Quid
658 1221 690 1251 id
714 1220 813 1252 refert
836 1221 915 1252 tua?

152 1275 239 1307 Unus
264 1275 323 1306 tibi
348 1275 400 1306 hic
423 1275 498 1306 dum
524 1276 685 1315 propitius
710 1276 752 1306 sit
776 1275 931 1316 Iuppiter.
1221 1283 1273 1308 310

150 1329 197 1360 Tu
220 1330 299 1360 istos
325 1331 467 1360 minutos
492 1340 571 1360 caue
595 1330 673 1361 deos
698 1328 790 1360 flocci
814 1330 940 1361 feceris.

620 1415 799 1455 Olympio

152 1468 264 1508 Nugae
289 1473 364 1500 sunt
387 1470 469 1500 istae
495 1480 646 1508 magnam
677 1470 769 1509 quasi
794 1474 828 1500 tu
853 1471 990 1505 nescias,

151 1523 295 1563 Repente
321 1527 355 1554 ut
378 1524 578 1554 emoriantur
602 1523 733 1554 humani
758 1523 861 1554 Ioues.

151 1576 229 1617 [Sed
253 1576 385 1608 tandem
410 1578 435 1608 si
460 1582 494 1608 tu
518 1577 666 1618 Iuppiter
690 1578 733 1608 sis
759 1578 939 1616 emortuus]

151 1632 253 1668 Quom
277 1631 317 1662 ad
343 1631 422 1663 deos
446 1632 587 1663 minores
612 1631 746 1663 redierit
770 1642 904 1672 regnum
929 1636 1030 1668 tuum,
1222 1640 1272 1664 315

151 1685 228 1723 Quis
252 1685 328 1716 mihi
353 1685 526 1717 subueniet
550 1690 642 1725 tergo
666 1690 722 1717 aut
746 1687 845 1725 capiti
871 1691 929 1717 aut
953 1686 1126 1717 cruribus?

591 1769 826 1809 Lysidamus

151 1822 310 1863 Opinione
334 1823 449 1854 melius
474 1833 526 1854 res
550 1823 608 1854 tibi
632 1823 732 1854 habet
755 1826 821 1860 tua,

151 1876 184 1908 Si
209 1877 270 1908 hoc
293 1877 504 1917 inpetramus,
530 1881 566 1908 ut
589 1888 648 1917 ego
673 1887 745 1908 cum
770 1876 890 1908 Casina
915 1877 1038 1908 cubem.

235 2006 285 2031 302
304 2005 452 2031 Censurum
472 2006 492 2031 Ι
564 2006 614 2031 303
633 2008 695 2030 oret
713 2006 734 2031 I
805 2006 855 2031 304
872 2004 1003 2030 firmento
1023 2005 1042 2031 Ι
1108 2006 1158 2031 306
1178 2005 1199 2030 si
1219 2009 1272 2038 qu&

151 2052 180 2073 tu
200 2049 219 2074 Ι
303 2048 353 2074 308
370 2048 437 2073 mibi
456 2052 520 2073 tuus
542 2048 667 2073 inimicus
688 2046 717 2072 E
784 2049 829 2073 311
853 2048 973 2073 munitos
992 2047 1039 2073 IE
1107 2048 1173 2073 deos
1193 2055 1241 2073 om.
1258 2047 1277 2073 I

103 2121 107 2124 ,
151 2092 200 2117 313
219 2091 296 2117 iones
315 2091 335 2117 I
422 2092 472 2116 314
491 2090 620 2116 OLYMP.
641 2090 695 2116 Sed
714 2091 732 2116 I
823 2092 873 2117 315
892 2090 1007 2116 minoris
1026 2089 1052 2115 Β
1141 2090 1191 2115 316
1210 2089 1272 2115 sub-

152 2134 265 2159 ueniens
335 2134 385 2159 317
404 2134 566 2167 Opinionem
588 2133 645 2159 eius
717 2133 816 2159 babeat
886 2134 936 2158 318
957 2134 1056 2158 nubem
1076 2132 1105 2158 E
