<?xml version="1.0" encoding="UTF-8"?>
<!DOCTYPE html PUBLIC "-//W3C//DTD XHTML 1.0 Transitional//EN"
    "http://www.w3.org/TR/xhtml1/DTD/xhtml1-transitional.dtd">
<html xmlns="http://www.w3.org/1999/xhtml" xml:lang="en" lang="en">
 <head>
  <title>
</title>
<meta http-equiv="Content-Type" content="text/html;charset=utf-8" />
  <meta name='ocr-system' content='tesseract 3.04.00' />
  <meta name='ocr-capabilities' content='ocr_page ocr_carea ocr_par ocr_line ocrx_word'/>
</head>
<body>
  <div class='ocr_page' id='page_1' title='image "./comoediaerecensu03plauuoft_0620.png"; bbox 0 0 1596 2478; ppageno 0'>
   <div class='ocr_carea' id='block_1_1' title="bbox 269 127 969 162">
    <p class='ocr_par' dir='ltr' id='par_1_1' title="bbox 269 127 969 162">
     <span class='ocr_line' id='line_1_1' title="bbox 269 127 969 162; baseline -0.011 0"><span class='ocrx_word' id='word_1_1' title='bbox 269 131 333 162; x_wconf 81' lang='lat'>402</span> <span class='ocrx_word' id='word_1_2' title='bbox 746 127 920 156; x_wconf 69' lang='lat' dir='ltr'>Menaechmi.</span> <span class='ocrx_word' id='word_1_3' title='bbox 967 147 969 149; x_wconf 92' lang='lat'>-</span> 
     </span>
    </p>
   </div>
   <div class='ocr_carea' id='block_1_2' title="bbox 268 224 1399 1442">
    <p class='ocr_par' dir='ltr' id='par_1_2' title="bbox 268 224 1395 418">
     <span class='ocr_line' id='line_1_2' title="bbox 268 224 1393 266; baseline -0.001 -11"><span class='ocrx_word' id='word_1_4' title='bbox 268 225 376 266; x_wconf 84' lang='lat' dir='ltr'><strong>Amph.</strong></span> <span class='ocrx_word' id='word_1_5' title='bbox 401 227 470 255; x_wconf 80' lang='lat'>763.</span> <span class='ocrx_word' id='word_1_6' title='bbox 514 225 620 254; x_wconf 87' lang='lat' dir='ltr'>Bacch.</span> <span class='ocrx_word' id='word_1_7' title='bbox 651 226 700 254; x_wconf 87' lang='grc'>93.</span> <span class='ocrx_word' id='word_1_8' title='bbox 734 225 824 254; x_wconf 81' lang='grc'><strong>1047.</strong></span> <span class='ocrx_word' id='word_1_9' title='bbox 870 224 958 263; x_wconf 83' lang='lat' dir='ltr'>Epid.</span> <span class='ocrx_word' id='word_1_10' title='bbox 989 226 1059 254; x_wconf 82' lang='lat'>380.</span> <span class='ocrx_word' id='word_1_11' title='bbox 1090 226 1161 254; x_wconf 84' lang='grc'><strong>476.</strong></span> <span class='ocrx_word' id='word_1_12' title='bbox 1208 225 1289 254; x_wconf 86' lang='lat' dir='ltr'>Pers.</span> <span class='ocrx_word' id='word_1_13' title='bbox 1321 225 1393 254; x_wconf 84' lang='lat'>300.</span> 
     </span>
     <span class='ocr_line' id='line_1_3' title="bbox 269 275 1392 314; baseline -0.001 -8"><span class='ocrx_word' id='word_1_14' title='bbox 269 277 414 306; x_wconf 78' lang='lat' dir='ltr'>Meretrix</span> <span class='ocrx_word' id='word_1_15' title='bbox 446 277 530 306; x_wconf 83' lang='lat' dir='ltr'>lauta</span> <span class='ocrx_word' id='word_1_16' title='bbox 563 285 690 314; x_wconf 88' lang='lat' dir='ltr'>coquum</span> <span class='ocrx_word' id='word_1_17' title='bbox 724 276 754 304; x_wconf 92' lang='lat' dir='ltr'>in</span> <span class='ocrx_word' id='word_1_18' title='bbox 787 276 899 305; x_wconf 85' lang='lat' dir='ltr'>familia</span> <span class='ocrx_word' id='word_1_19' title='bbox 933 275 1036 311; x_wconf 78' lang='lat' dir='ltr'>habet,</span> <span class='ocrx_word' id='word_1_20' title='bbox 1072 276 1108 305; x_wconf 79' lang='lat' dir='ltr'>cf.</span> <span class='ocrx_word' id='word_1_21' title='bbox 1138 286 1230 314; x_wconf 82' lang='lat' dir='ltr'>supra</span> <span class='ocrx_word' id='word_1_22' title='bbox 1260 285 1289 314; x_wconf 87' lang='lat' dir='ltr'>p.</span> <span class='ocrx_word' id='word_1_23' title='bbox 1323 277 1392 305; x_wconf 88' lang='lat'>382.</span> 
     </span>
     <span class='ocr_line' id='line_1_4' title="bbox 268 327 1395 365; baseline -0.002 -8"><span class='ocrx_word' id='word_1_24' title='bbox 268 329 393 358; x_wconf 78' lang='lat' dir='ltr'><strong>Versum</strong></span> <span class='ocrx_word' id='word_1_25' title='bbox 416 328 502 357; x_wconf 81' lang='lat' dir='ltr'>affert</span> <span class='ocrx_word' id='word_1_26' title='bbox 524 327 676 356; x_wconf 80' lang='lat' dir='ltr'>Charisius</span> <span class='ocrx_word' id='word_1_27' title='bbox 698 337 727 365; x_wconf 89' lang='lat' dir='ltr'>p.</span> <span class='ocrx_word' id='word_1_28' title='bbox 755 328 828 357; x_wconf 87' lang='lat'>180:</span> <span class='ocrx_word' id='word_1_29' title='bbox 856 327 1004 363; x_wconf 82' lang='lat' dir='ltr'>„Evocate</span> <span class='ocrx_word' id='word_1_30' title='bbox 1026 328 1105 356; x_wconf 85' lang='lat' dir='ltr'>intus</span> <span class='ocrx_word' id='word_1_31' title='bbox 1128 327 1199 356; x_wconf 89' lang='lat' dir='ltr'>mihi</span> <span class='ocrx_word' id='word_1_32' title='bbox 1222 337 1324 357; x_wconf 85' lang='lat' dir='ltr'>cocum</span> <span class='ocrx_word' id='word_1_33' title='bbox 1347 327 1395 356; x_wconf 92' lang='lat' dir='ltr'>Ci-</span> 
     </span>
     <span class='ocr_line' id='line_1_5' title="bbox 268 376 697 418; baseline -0.002 -10"><span class='ocrx_word' id='word_1_34' title='bbox 268 379 406 418; x_wconf 85' lang='lat' dir='ltr'>lyndrum</span> <span class='ocrx_word' id='word_1_35' title='bbox 431 381 561 408; x_wconf 75' lang='lat' dir='ltr'>actutum</span> <span class='ocrx_word' id='word_1_36' title='bbox 585 376 697 407; x_wconf 77' lang='lat' dir='ltr'>foras“.</span> 
     </span>
    </p>

    <p class='ocr_par' dir='ltr' id='par_1_3' title="bbox 269 427 1399 1442">
     <span class='ocr_line' id='line_1_6' title="bbox 356 427 1393 467; baseline 0 -9"><span class='ocrx_word' id='word_1_37' title='bbox 356 431 427 459; x_wconf 81' lang='lat'>21⁷.</span> <span class='ocrx_word' id='word_1_38' title='bbox 450 430 524 458; x_wconf 86' lang='lat' dir='ltr'>Post</span> <span class='ocrx_word' id='word_1_39' title='bbox 538 427 700 467; x_wconf 62' lang='lat' dir='ltr'>argentum</span> <span class='ocrx_word' id='word_1_40' title='bbox 711 429 811 459; x_wconf 88' lang='lat' dir='ltr'>hiatus</span> <span class='ocrx_word' id='word_1_41' title='bbox 823 430 853 458; x_wconf 89' lang='lat' dir='ltr'>in</span> <span class='ocrx_word' id='word_1_42' title='bbox 866 429 1000 466; x_wconf 61' lang='grc' dir='ltr'>ἀίει-θεὶς</span> <span class='ocrx_word' id='word_1_43' title='bbox 1026 429 1128 459; x_wconf 86' lang='lat' dir='ltr'>Muell.</span> <span class='ocrx_word' id='word_1_44' title='bbox 1145 428 1235 465; x_wconf 87' lang='lat' dir='ltr'>„hoc“</span> <span class='ocrx_word' id='word_1_45' title='bbox 1252 429 1393 459; x_wconf 77' lang='lat' dir='ltr'><strong>addebat.</strong></span> 
     </span>
     <span class='ocr_line' id='line_1_7' title="bbox 269 477 1396 519; baseline -0.001 -9"><span class='ocrx_word' id='word_1_46' title='bbox 269 497 311 502; x_wconf 89' lang='lat'><strong>—</strong></span> <span class='ocrx_word' id='word_1_47' title='bbox 333 488 487 517; x_wconf 77' lang='lat' dir='ltr'>nummos,</span> <span class='ocrx_word' id='word_1_48' title='bbox 518 490 545 510; x_wconf 86' lang='lat' dir='ltr'>v.</span> <span class='ocrx_word' id='word_1_49' title='bbox 570 480 608 509; x_wconf 76' lang='lat' dir='ltr'>ad</span> <span class='ocrx_word' id='word_1_50' title='bbox 630 480 718 519; x_wconf 84' lang='lat' dir='ltr'>Epid.</span> <span class='ocrx_word' id='word_1_51' title='bbox 745 482 793 510; x_wconf 89' lang='lat'>55.</span> <span class='ocrx_word' id='word_1_52' title='bbox 823 495 865 500; x_wconf 92' lang='lat'>—</span> <span class='ocrx_word' id='word_1_53' title='bbox 893 482 964 510; x_wconf 81' lang='lat'>218.</span> <span class='ocrx_word' id='word_1_54' title='bbox 993 477 1075 517; x_wconf 81' lang='lat' dir='ltr'>uide,</span> <span class='ocrx_word' id='word_1_55' title='bbox 1100 481 1233 519; x_wconf 85' lang='lat' dir='ltr'><strong>provide,</strong></span> <span class='ocrx_word' id='word_1_56' title='bbox 1258 490 1338 517; x_wconf 83' lang='lat' dir='ltr'>cura,</span> <span class='ocrx_word' id='word_1_57' title='bbox 1361 483 1396 509; x_wconf 83' lang='lat' dir='ltr'>ut</span> 
     </span>
     <span class='ocr_line' id='line_1_8' title="bbox 269 529 1394 570; baseline -0.001 -9"><span class='ocrx_word' id='word_1_58' title='bbox 269 534 386 570; x_wconf 81' lang='lat' dir='ltr'>saepius.</span> <span class='ocrx_word' id='word_1_59' title='bbox 401 547 440 552; x_wconf 90' lang='grc'>-</span> <span class='ocrx_word' id='word_1_60' title='bbox 455 533 525 561; x_wconf 87' lang='lat'>219.</span> <span class='ocrx_word' id='word_1_61' title='bbox 544 529 710 561; x_wconf 73' lang='lat' dir='ltr'>ihomines</span> <span class='ocrx_word' id='word_1_62' title='bbox 722 531 789 568; x_wconf 81' lang='lat' dir='ltr'>Br.;</span> <span class='ocrx_word' id='word_1_63' title='bbox 813 531 847 561; x_wconf 86' lang='lat' dir='ltr'>R.</span> <span class='ocrx_word' id='word_1_64' title='bbox 864 529 928 569; x_wconf 81' lang='lat' dir='ltr'>„ei“</span> <span class='ocrx_word' id='word_1_65' title='bbox 944 532 1112 570; x_wconf 79' lang='lat' dir='ltr'><strong>scripserat,</strong></span> <span class='ocrx_word' id='word_1_66' title='bbox 1129 533 1298 570; x_wconf 74' lang='lat' dir='ltr'>superiores</span> <span class='ocrx_word' id='word_1_67' title='bbox 1314 530 1394 568; x_wconf 87' lang='lat' dir='ltr'>„hi“.</span> 
     </span>
     <span class='ocr_line' id='line_1_9' title="bbox 269 579 1396 620; baseline -0.002 -8"><span class='ocrx_word' id='word_1_68' title='bbox 269 582 283 612; x_wconf 79' lang='lat' dir='ltr'>i</span> <span class='ocrx_word' id='word_1_69' title='bbox 304 586 350 613; x_wconf 91' lang='lat' dir='ltr'>est</span> <span class='ocrx_word' id='word_1_70' title='bbox 371 585 402 620; x_wconf 91' lang='lat' dir='ltr'>ii,</span> <span class='ocrx_word' id='word_1_71' title='bbox 425 594 452 612; x_wconf 87' lang='lat' dir='ltr'>v.</span> <span class='ocrx_word' id='word_1_72' title='bbox 477 583 515 612; x_wconf 88' lang='lat' dir='ltr'>ad</span> <span class='ocrx_word' id='word_1_73' title='bbox 533 583 624 612; x_wconf 86' lang='lat' dir='ltr'>Most.</span> <span class='ocrx_word' id='word_1_74' title='bbox 643 583 714 612; x_wconf 89' lang='lat'>843.</span> <span class='ocrx_word' id='word_1_75' title='bbox 735 598 772 616; x_wconf 71' lang='lat'>—.</span> <span class='ocrx_word' id='word_1_76' title='bbox 799 584 870 612; x_wconf 88' lang='lat'>221.</span> <span class='ocrx_word' id='word_1_77' title='bbox 894 583 959 612; x_wconf 81' lang='lat' dir='ltr'>octo</span> <span class='ocrx_word' id='word_1_78' title='bbox 983 579 1145 612; x_wconf 75' lang='lat' dir='ltr'>hominum</span> <span class='ocrx_word' id='word_1_79' title='bbox 1169 593 1234 612; x_wconf 89' lang='lat' dir='ltr'>cum</span> <span class='ocrx_word' id='word_1_80' title='bbox 1257 583 1341 612; x_wconf 85' lang='lat' dir='ltr'>hiatu</span> <span class='ocrx_word' id='word_1_81' title='bbox 1365 585 1396 611; x_wconf 88' lang='lat' dir='ltr'>et</span> 
     </span>
     <span class='ocr_line' id='line_1_10' title="bbox 271 633 1394 672; baseline -0.002 -8"><span class='ocrx_word' id='word_1_82' title='bbox 271 638 339 664; x_wconf 85' lang='lat' dir='ltr'>cett.</span> <span class='ocrx_word' id='word_1_83' title='bbox 359 635 445 664; x_wconf 83' lang='lat' dir='ltr'>codd.</span> <span class='ocrx_word' id='word_1_84' title='bbox 465 635 532 664; x_wconf 84' lang='lat' dir='ltr'>etA</span> <span class='ocrx_word' id='word_1_85' title='bbox 552 636 582 663; x_wconf 81' lang='lat' dir='ltr'>et</span> <span class='ocrx_word' id='word_1_86' title='bbox 599 634 713 664; x_wconf 86' lang='lat' dir='ltr'>&#39;Nonius</span> <span class='ocrx_word' id='word_1_87' title='bbox 732 644 761 672; x_wconf 89' lang='lat' dir='ltr'>p.</span> <span class='ocrx_word' id='word_1_88' title='bbox 781 635 852 664; x_wconf 88' lang='grc'><strong>497,</strong></span> <span class='ocrx_word' id='word_1_89' title='bbox 898 634 1010 663; x_wconf 86' lang='lat' dir='ltr'>Ritsch.</span> <span class='ocrx_word' id='word_1_90' title='bbox 1035 644 1099 663; x_wconf 87' lang='lat' dir='ltr'>cum</span> <span class='ocrx_word' id='word_1_91' title='bbox 1123 633 1241 663; x_wconf 87' lang='lat' dir='ltr'>Mureto</span> <span class='ocrx_word' id='word_1_92' title='bbox 1263 637 1394 672; x_wconf 85' lang='lat' dir='ltr'>transp.:</span> 
     </span>
     <span class='ocr_line' id='line_1_11' title="bbox 272 683 1396 723; baseline -0.003 -8"><span class='ocrx_word' id='word_1_93' title='bbox 272 696 397 723; x_wconf 86' lang='lat' dir='ltr'>„munus</span> <span class='ocrx_word' id='word_1_94' title='bbox 425 683 608 715; x_wconf 85' lang='lat' dir='ltr'>hominum“.</span> <span class='ocrx_word' id='word_1_95' title='bbox 665 685 775 714; x_wconf 90' lang='lat' dir='ltr'>Similis</span> <span class='ocrx_word' id='word_1_96' title='bbox 803 686 954 714; x_wconf 82' lang='lat' dir='ltr'>sententia</span> <span class='ocrx_word' id='word_1_97' title='bbox 976 685 1086 714; x_wconf 87' lang='lat' dir='ltr'><strong>Eubuli</strong></span> <span class='ocrx_word' id='word_1_98' title='bbox 1108 686 1144 714; x_wconf 80' lang='lat' dir='ltr'>fr.</span> <span class='ocrx_word' id='word_1_99' title='bbox 1168 686 1224 714; x_wconf 84' lang='lat' dir='ltr'>inc.</span> <span class='ocrx_word' id='word_1_100' title='bbox 1252 686 1283 714; x_wconf 92' lang='lat'>1:</span> <span class='ocrx_word' id='word_1_101' title='bbox 1318 684 1396 713; x_wconf 77' lang='grc' dir='ltr'><em>Εἰσὶν</em></span> 
     </span>
     <span class='ocr_line' id='line_1_12' title="bbox 269 736 1395 775; baseline -0.002 -9"><span class='ocrx_word' id='word_1_102' title='bbox 269 738 331 775; x_wconf 75' lang='grc' dir='ltr'>ἡμῖν</span> <span class='ocrx_word' id='word_1_103' title='bbox 350 738 402 766; x_wconf 75' lang='grc' dir='ltr'>τῶν</span> <span class='ocrx_word' id='word_1_104' title='bbox 421 738 585 774; x_wconf 74' lang='grc' dir='ltr'><strong><em>κεκλημένων</em></strong></span> <span class='ocrx_word' id='word_1_105' title='bbox 603 737 651 766; x_wconf 79' lang='grc' dir='ltr'>δύο</span> <span class='ocrx_word' id='word_1_106' title='bbox 669 737 713 765; x_wconf 79' lang='grc' dir='ltr'>ἐπὶ</span> <span class='ocrx_word' id='word_1_107' title='bbox 733 737 843 765; x_wconf 77' lang='grc' dir='ltr'>δεῖπνον</span> <span class='ocrx_word' id='word_1_108' title='bbox 855 736 965 773; x_wconf 74' lang='grc' dir='ltr'><strong><em>ἄμαχοι,</em></strong></span> <span class='ocrx_word' id='word_1_109' title='bbox 991 737 1154 774; x_wconf 77' lang='grc' dir='ltr'><strong><em>Φιλοκράτης</em></strong></span> <span class='ocrx_word' id='word_1_110' title='bbox 1167 737 1211 765; x_wconf 77' lang='grc' dir='ltr'>καὶ</span> <span class='ocrx_word' id='word_1_111' title='bbox 1224 737 1395 774; x_wconf 75' lang='grc' dir='ltr'><strong><em>Φιλοκράτης·</em></strong></span> 
     </span>
     <span class='ocr_line' id='line_1_13' title="bbox 270 788 1394 827; baseline -0.002 -10"><span class='ocrx_word' id='word_1_112' title='bbox 270 789 316 818; x_wconf 75' lang='grc' dir='ltr'>ἕνα</span> <span class='ocrx_word' id='word_1_113' title='bbox 344 790 398 827; x_wconf 74' lang='grc' dir='ltr'>γὰρ</span> <span class='ocrx_word' id='word_1_114' title='bbox 426 791 525 818; x_wconf 78' lang='grc' dir='ltr'>ἐκεῖνον</span> <span class='ocrx_word' id='word_1_115' title='bbox 555 788 618 817; x_wconf 66' lang='grc' dir='ltr'>ὄντα</span> <span class='ocrx_word' id='word_1_116' title='bbox 648 788 696 817; x_wconf 74' lang='grc' dir='ltr'>δύο</span> <span class='ocrx_word' id='word_1_117' title='bbox 724 790 865 826; x_wconf 76' lang='grc' dir='ltr'><strong><em>λογίζομαι</em></strong></span> <span class='ocrx_word' id='word_1_118' title='bbox 894 789 1036 826; x_wconf 71' lang='grc' dir='ltr'><em>μεγάλους,</em></span> <span class='ocrx_word' id='word_1_119' title='bbox 1063 789 1166 825; x_wconf 80' lang='grc' dir='ltr'><em>μᾶλλον</em></span> <span class='ocrx_word' id='word_1_120' title='bbox 1194 788 1223 816; x_wconf 77' lang='grc' dir='ltr'>δέ</span> <span class='ocrx_word' id='word_1_121' title='bbox 1245 790 1320 825; x_wconf 71' lang='grc' dir='ltr'><strong><em>τρεῖς.</em></strong></span> <span class='ocrx_word' id='word_1_122' title='bbox 1356 802 1394 808; x_wconf 86' lang='grc'>-·</span> 
     </span>
     <span class='ocr_line' id='line_1_14' title="bbox 271 836 1395 878; baseline -0.002 -9"><span class='ocrx_word' id='word_1_123' title='bbox 271 841 343 870; x_wconf 91' lang='lat'>222.</span> <span class='ocrx_word' id='word_1_124' title='bbox 367 839 510 877; x_wconf 79' lang='lat' dir='ltr'>ceterum,</span> <span class='ocrx_word' id='word_1_125' title='bbox 533 850 561 870; x_wconf 86' lang='lat' dir='ltr'>v.</span> <span class='ocrx_word' id='word_1_126' title='bbox 575 840 613 869; x_wconf 86' lang='lat' dir='ltr'>ad</span> <span class='ocrx_word' id='word_1_127' title='bbox 624 839 713 878; x_wconf 82' lang='lat' dir='ltr'>Epid.</span> <span class='ocrx_word' id='word_1_128' title='bbox 728 841 756 868; x_wconf 82' lang='lat'>7.</span> <span class='ocrx_word' id='word_1_129' title='bbox 769 855 812 859; x_wconf 97' lang='lat'><strong>—</strong></span> <span class='ocrx_word' id='word_1_130' title='bbox 827 836 917 868; x_wconf 73' lang='lat' dir='ltr'>Licet</span> <span class='ocrx_word' id='word_1_131' title='bbox 927 838 1006 868; x_wconf 83' lang='lat' dir='ltr'>Cam.</span> <span class='ocrx_word' id='word_1_132' title='bbox 1021 849 1094 874; x_wconf 86' lang='lat' dir='ltr'>em.;</span> <span class='ocrx_word' id='word_1_133' title='bbox 1118 839 1198 868; x_wconf 89' lang='lat' dir='ltr'>Brix.</span> <span class='ocrx_word' id='word_1_134' title='bbox 1213 841 1243 868; x_wconf 86' lang='lat' dir='ltr'>et</span> <span class='ocrx_word' id='word_1_135' title='bbox 1254 839 1317 868; x_wconf 90' lang='lat' dir='ltr'>Wr.</span> <span class='ocrx_word' id='word_1_136' title='bbox 1331 849 1395 868; x_wconf 88' lang='lat' dir='ltr'>cum</span> 
     </span>
     <span class='ocr_line' id='line_1_15' title="bbox 270 889 1396 929; baseline -0.003 -8"><span class='ocrx_word' id='word_1_137' title='bbox 270 892 470 921; x_wconf 86' lang='lat' dir='ltr'>Buechelero:</span> <span class='ocrx_word' id='word_1_138' title='bbox 509 889 645 927; x_wconf 84' lang='lat' dir='ltr'>„Ilicet“,</span> <span class='ocrx_word' id='word_1_139' title='bbox 679 900 739 929; x_wconf 91' lang='lat' dir='ltr'>quo</span> <span class='ocrx_word' id='word_1_140' title='bbox 768 891 848 929; x_wconf 87' lang='lat' dir='ltr'>apud</span> <span class='ocrx_word' id='word_1_141' title='bbox 870 890 1008 919; x_wconf 85' lang='lat' dir='ltr'>Plautum</span> <span class='ocrx_word' id='word_1_142' title='bbox 1032 891 1102 919; x_wconf 86' lang='lat' dir='ltr'>irati</span> <span class='ocrx_word' id='word_1_143' title='bbox 1125 893 1156 918; x_wconf 85' lang='lat' dir='ltr'>et</span> <span class='ocrx_word' id='word_1_144' title='bbox 1178 890 1396 927; x_wconf 79' lang='lat' dir='ltr'>indignabundi</span> 
     </span>
     <span class='ocr_line' id='line_1_16' title="bbox 269 939 1396 980; baseline -0.002 -8"><span class='ocrx_word' id='word_1_145' title='bbox 269 944 404 972; x_wconf 86' lang='lat' dir='ltr'>homines</span> <span class='ocrx_word' id='word_1_146' title='bbox 426 945 563 972; x_wconf 82' lang='lat' dir='ltr'>utuntur.</span> <span class='ocrx_word' id='word_1_147' title='bbox 585 957 621 963; x_wconf 97' lang='lat'>—</span> <span class='ocrx_word' id='word_1_148' title='bbox 642 943 713 971; x_wconf 90' lang='lat'>223.</span> <span class='ocrx_word' id='word_1_149' title='bbox 742 939 836 972; x_wconf 77' lang='lat' dir='ltr'>Cocta</span> <span class='ocrx_word' id='word_1_150' title='bbox 858 940 948 978; x_wconf 50' lang='lat' dir='ltr'>sun&amp;</span> <span class='ocrx_word' id='word_1_151' title='bbox 972 943 1061 971; x_wconf 89' lang='lat' dir='ltr'>immo</span> <span class='ocrx_word' id='word_1_152' title='bbox 1083 951 1120 970; x_wconf 88' lang='lat' dir='ltr'>ne</span> <span class='ocrx_word' id='word_1_153' title='bbox 1143 944 1242 980; x_wconf 80' lang='lat' dir='ltr'>empta</span> <span class='ocrx_word' id='word_1_154' title='bbox 1265 941 1396 980; x_wconf 84' lang='lat' dir='ltr'>quidem,</span> 
     </span>
     <span class='ocr_line' id='line_1_17' title="bbox 269 992 1396 1032; baseline -0.004 -8"><span class='ocrx_word' id='word_1_155' title='bbox 269 995 323 1024; x_wconf 87' lang='lat' dir='ltr'>sed</span> <span class='ocrx_word' id='word_1_156' title='bbox 345 1004 457 1032; x_wconf 87' lang='lat' dir='ltr'>coquus</span> <span class='ocrx_word' id='word_1_157' title='bbox 481 994 662 1023; x_wconf 73' lang='lat' dir='ltr'>celeritatem</span> <span class='ocrx_word' id='word_1_158' title='bbox 687 1003 770 1022; x_wconf 83' lang='lat' dir='ltr'>suam</span> <span class='ocrx_word' id='word_1_159' title='bbox 793 993 924 1031; x_wconf 83' lang='lat' dir='ltr'>gloriose</span> <span class='ocrx_word' id='word_1_160' title='bbox 947 994 1052 1029; x_wconf 79' lang='lat' dir='ltr'>iactat3</span> <span class='ocrx_word' id='word_1_161' title='bbox 1077 993 1112 1021; x_wconf 82' lang='lat' dir='ltr'>cf.</span> <span class='ocrx_word' id='word_1_162' title='bbox 1128 992 1233 1022; x_wconf 81' lang='lat' dir='ltr'>Pseud.</span> <span class='ocrx_word' id='word_1_163' title='bbox 1249 993 1308 1022; x_wconf 82' lang='lat'>894</span> <span class='ocrx_word' id='word_1_164' title='bbox 1333 1003 1396 1030; x_wconf 85' lang='lat' dir='ltr'>sq.:</span> 
     </span>
     <span class='ocr_line' id='line_1_18' title="bbox 273 1043 1397 1083; baseline -0.002 -9"><span class='ocrx_word' id='word_1_165' title='bbox 273 1046 372 1082; x_wconf 84' lang='lat' dir='ltr'>„intro</span> <span class='ocrx_word' id='word_1_166' title='bbox 396 1045 445 1074; x_wconf 82' lang='lat' dir='ltr'>abi</span> <span class='ocrx_word' id='word_1_167' title='bbox 468 1048 498 1074; x_wconf 85' lang='lat' dir='ltr'>et</span> <span class='ocrx_word' id='word_1_168' title='bbox 521 1055 622 1074; x_wconf 88' lang='lat' dir='ltr'>cenam</span> <span class='ocrx_word' id='word_1_169' title='bbox 647 1054 740 1083; x_wconf 87' lang='lat' dir='ltr'>coque</span> <span class='ocrx_word' id='word_1_170' title='bbox 762 1044 904 1083; x_wconf 88' lang='lat' dir='ltr'>Propere.</span> <span class='ocrx_word' id='word_1_171' title='bbox 940 1043 1100 1079; x_wconf 86' lang='lat' dir='ltr'>COQUOS.</span> <span class='ocrx_word' id='word_1_172' title='bbox 1124 1044 1200 1079; x_wconf 83' lang='lat' dir='ltr'>Quin</span> <span class='ocrx_word' id='word_1_173' title='bbox 1218 1046 1251 1072; x_wconf 88' lang='lat' dir='ltr'>tu</span> <span class='ocrx_word' id='word_1_174' title='bbox 1270 1044 1294 1072; x_wconf 84' lang='lat' dir='ltr'>is</span> <span class='ocrx_word' id='word_1_175' title='bbox 1311 1043 1397 1072; x_wconf 88' lang='lat' dir='ltr'>adcu-</span> 
     </span>
     <span class='ocr_line' id='line_1_19' title="bbox 269 1092 1397 1133; baseline -0.003 -7"><span class='ocrx_word' id='word_1_176' title='bbox 269 1096 387 1126; x_wconf 77' lang='lat' dir='ltr'>bitum?</span> <span class='ocrx_word' id='word_1_177' title='bbox 412 1099 442 1126; x_wconf 79' lang='lat' dir='ltr'>et</span> <span class='ocrx_word' id='word_1_178' title='bbox 465 1097 609 1126; x_wconf 81' lang='lat' dir='ltr'>conuiuas</span> <span class='ocrx_word' id='word_1_179' title='bbox 632 1096 720 1132; x_wconf 82' lang='lat' dir='ltr'>cedo3</span> <span class='ocrx_word' id='word_1_180' title='bbox 750 1096 951 1133; x_wconf 86' lang='lat' dir='ltr'>corrumpitur</span> <span class='ocrx_word' id='word_1_181' title='bbox 973 1095 1032 1124; x_wconf 78' lang='lat' dir='ltr'>iam</span> <span class='ocrx_word' id='word_1_182' title='bbox 1056 1092 1158 1124; x_wconf 87' lang='lat' dir='ltr'>cena“.</span> <span class='ocrx_word' id='word_1_183' title='bbox 1172 1109 1213 1115; x_wconf 92' lang='lat'>—-</span> <span class='ocrx_word' id='word_1_184' title='bbox 1227 1094 1297 1130; x_wconf 82' lang='lat' dir='ltr'>Quae</span> <span class='ocrx_word' id='word_1_185' title='bbox 1319 1096 1349 1123; x_wconf 89' lang='lat' dir='ltr'>in</span> <span class='ocrx_word' id='word_1_186' title='bbox 1373 1095 1397 1123; x_wconf 90' lang='lat' dir='ltr'>B</span> 
     </span>
     <span class='ocr_line' id='line_1_20' title="bbox 272 1145 1397 1184; baseline -0.003 -7"><span class='ocrx_word' id='word_1_187' title='bbox 272 1150 404 1177; x_wconf 85' lang='lat' dir='ltr'>extremo</span> <span class='ocrx_word' id='word_1_188' title='bbox 428 1148 526 1177; x_wconf 89' lang='lat' dir='ltr'>versui</span> <span class='ocrx_word' id='word_1_189' title='bbox 549 1147 701 1177; x_wconf 85' lang='lat' dir='ltr'>adduntur</span> <span class='ocrx_word' id='word_1_190' title='bbox 723 1147 826 1177; x_wconf 88' lang='lat' dir='ltr'>eodem</span> <span class='ocrx_word' id='word_1_191' title='bbox 850 1149 1018 1176; x_wconf 78' lang='lat' dir='ltr'>atramento</span> <span class='ocrx_word' id='word_1_192' title='bbox 1041 1147 1167 1184; x_wconf 83' lang='lat' dir='ltr'>scripta,</span> <span class='ocrx_word' id='word_1_193' title='bbox 1198 1147 1228 1175; x_wconf 89' lang='lat' dir='ltr'>in</span> <span class='ocrx_word' id='word_1_194' title='bbox 1251 1145 1274 1175; x_wconf 89' lang='lat' dir='ltr'>C</span> <span class='ocrx_word' id='word_1_195' title='bbox 1297 1148 1397 1174; x_wconf 84' lang='lat' dir='ltr'>autem</span> 
     </span>
     <span class='ocr_line' id='line_1_21' title="bbox 271 1193 1399 1237; baseline -0.001 -10"><span class='ocrx_word' id='word_1_196' title='bbox 271 1200 389 1236; x_wconf 83' lang='lat' dir='ltr'>integro</span> <span class='ocrx_word' id='word_1_197' title='bbox 422 1208 511 1227; x_wconf 84' lang='lat' dir='ltr'>versu</span> <span class='ocrx_word' id='word_1_198' title='bbox 544 1198 723 1234; x_wconf 82' lang='lat' dir='ltr'>scribuntur,</span> <span class='ocrx_word' id='word_1_199' title='bbox 759 1198 865 1227; x_wconf 81' lang='lat' dir='ltr'>titulus</span> <span class='ocrx_word' id='word_1_200' title='bbox 895 1200 940 1227; x_wconf 84' lang='lat' dir='ltr'>est</span> <span class='ocrx_word' id='word_1_201' title='bbox 969 1199 1112 1237; x_wconf 83' lang='lat' dir='ltr'>proximae</span> <span class='ocrx_word' id='word_1_202' title='bbox 1141 1207 1244 1226; x_wconf 85' lang='lat' dir='ltr'>scenae.</span> <span class='ocrx_word' id='word_1_203' title='bbox 1298 1193 1399 1226; x_wconf 79' lang='lat' dir='ltr'>Taciti</span> 
     </span>
     <span class='ocr_line' id='line_1_22' title="bbox 271 1249 1398 1288; baseline -0.002 -10"><span class='ocrx_word' id='word_1_204' title='bbox 271 1253 340 1278; x_wconf 85' lang='lat' dir='ltr'>sunt</span> <span class='ocrx_word' id='word_1_205' title='bbox 362 1251 440 1279; x_wconf 87' lang='lat' dir='ltr'>servi</span> <span class='ocrx_word' id='word_1_206' title='bbox 463 1249 648 1286; x_wconf 83' lang='lat' dir='ltr'>Menaechmi,</span> <span class='ocrx_word' id='word_1_207' title='bbox 673 1250 724 1288; x_wconf 90' lang='lat' dir='ltr'>qui</span> <span class='ocrx_word' id='word_1_208' title='bbox 747 1250 822 1279; x_wconf 89' lang='lat' dir='ltr'>nihil</span> <span class='ocrx_word' id='word_1_209' title='bbox 846 1250 956 1279; x_wconf 83' lang='lat' dir='ltr'>dicunt.</span> <span class='ocrx_word' id='word_1_210' title='bbox 1002 1249 1211 1287; x_wconf 81' lang='lat' dir='ltr'>Antiquiorem</span> <span class='ocrx_word' id='word_1_211' title='bbox 1236 1258 1299 1277; x_wconf 86' lang='lat' dir='ltr'>esse</span> <span class='ocrx_word' id='word_1_212' title='bbox 1323 1249 1398 1277; x_wconf 87' lang='lat' dir='ltr'>hanc</span> 
     </span>
     <span class='ocr_line' id='line_1_23' title="bbox 272 1300 1399 1339; baseline -0.002 -9"><span class='ocrx_word' id='word_1_213' title='bbox 272 1311 360 1339; x_wconf 81' lang='lat' dir='ltr'>quam</span> <span class='ocrx_word' id='word_1_214' title='bbox 384 1301 580 1331; x_wconf 86' lang='lat' dir='ltr'>rubricatoris</span> <span class='ocrx_word' id='word_1_215' title='bbox 603 1311 733 1339; x_wconf 84' lang='lat' dir='ltr'>manum,</span> <span class='ocrx_word' id='word_1_216' title='bbox 756 1301 842 1330; x_wconf 83' lang='lat' dir='ltr'>facile</span> <span class='ocrx_word' id='word_1_217' title='bbox 865 1300 1011 1337; x_wconf 86' lang='lat' dir='ltr'>concedo,</span> <span class='ocrx_word' id='word_1_218' title='bbox 1036 1300 1087 1329; x_wconf 84' lang='lat' dir='ltr'>sed</span> <span class='ocrx_word' id='word_1_219' title='bbox 1111 1300 1284 1329; x_wconf 81' lang='lat' dir='ltr'>constantiae</span> <span class='ocrx_word' id='word_1_220' title='bbox 1307 1309 1399 1328; x_wconf 87' lang='lat' dir='ltr'>causa</span> 
     </span>
     <span class='ocr_line' id='line_1_24' title="bbox 271 1351 1398 1389; baseline 0 -9"><span class='ocrx_word' id='word_1_221' title='bbox 271 1352 359 1382; x_wconf 88' lang='lat' dir='ltr'>huius</span> <span class='ocrx_word' id='word_1_222' title='bbox 387 1352 509 1381; x_wconf 86' lang='lat' dir='ltr'>titulum</span> <span class='ocrx_word' id='word_1_223' title='bbox 538 1352 665 1382; x_wconf 86' lang='lat' dir='ltr'>reddidi.</span> <span class='ocrx_word' id='word_1_224' title='bbox 728 1351 761 1381; x_wconf 90' lang='lat' dir='ltr'>In</span> <span class='ocrx_word' id='word_1_225' title='bbox 794 1352 850 1382; x_wconf 89' lang='lat' dir='ltr'>hoc</span> <span class='ocrx_word' id='word_1_226' title='bbox 885 1354 983 1381; x_wconf 85' lang='lat' dir='ltr'>autem</span> <span class='ocrx_word' id='word_1_227' title='bbox 1018 1351 1096 1389; x_wconf 88' lang='lat' dir='ltr'>quod</span> <span class='ocrx_word' id='word_1_228' title='bbox 1126 1351 1275 1380; x_wconf 86' lang='lat' dir='ltr'>Messenio</span> <span class='ocrx_word' id='word_1_229' title='bbox 1309 1361 1398 1380; x_wconf 80' lang='lat' dir='ltr'>senex</span> 
     </span>
     <span class='ocr_line' id='line_1_25' title="bbox 270 1404 906 1442; baseline 0 -10"><span class='ocrx_word' id='word_1_230' title='bbox 270 1406 406 1440; x_wconf 87' lang='lat' dir='ltr'>vocatur,</span> <span class='ocrx_word' id='word_1_231' title='bbox 429 1413 514 1433; x_wconf 85' lang='lat' dir='ltr'>error</span> <span class='ocrx_word' id='word_1_232' title='bbox 536 1406 590 1441; x_wconf 87' lang='lat' dir='ltr'>est,</span> <span class='ocrx_word' id='word_1_233' title='bbox 613 1415 641 1433; x_wconf 82' lang='lat' dir='ltr'>v.</span> <span class='ocrx_word' id='word_1_234' title='bbox 665 1413 757 1442; x_wconf 87' lang='lat' dir='ltr'>supra</span> <span class='ocrx_word' id='word_1_235' title='bbox 778 1413 808 1442; x_wconf 89' lang='lat' dir='ltr'>p.</span> <span class='ocrx_word' id='word_1_236' title='bbox 835 1404 906 1432; x_wconf 82' lang='lat'>384.</span> 
     </span>
    </p>
   </div>
   <div class='ocr_carea' id='block_1_3' title="bbox 749 1495 948 1498">
    <p class='ocr_par' dir='ltr' id='par_1_4' title="bbox 749 1495 948 1498">
     <span class='ocr_line' id='line_1_26' title="bbox 749 1495 948 1498; baseline 0 0"><span class='ocrx_word' id='word_1_237' title='bbox 749 1495 948 1498; x_wconf 95' lang='lat' dir='ltr'> </span> 
     </span>
    </p>
   </div>
   <div class='ocr_carea' id='block_1_4' title="bbox 270 1556 1401 2100">
    <p class='ocr_par' dir='ltr' id='par_1_5' title="bbox 270 1556 1401 2100">
     <span class='ocr_line' id='line_1_27' title="bbox 358 1556 1399 1596; baseline -0.002 -9"><span class='ocrx_word' id='word_1_238' title='bbox 358 1559 429 1588; x_wconf 79' lang='lat'>224.</span> <span class='ocrx_word' id='word_1_239' title='bbox 463 1557 626 1596; x_wconf 84' lang='lat' dir='ltr'>Postquam</span> <span class='ocrx_word' id='word_1_240' title='bbox 662 1557 801 1587; x_wconf 81' lang='lat' dir='ltr'>abierunt</span> <span class='ocrx_word' id='word_1_241' title='bbox 833 1567 945 1595; x_wconf 85' lang='lat' dir='ltr'>coquus</span> <span class='ocrx_word' id='word_1_242' title='bbox 979 1556 1016 1585; x_wconf 84' lang='lat' dir='ltr'>ad</span> <span class='ocrx_word' id='word_1_243' title='bbox 1052 1557 1221 1590; x_wconf 75' lang='lat' dir='ltr'>macellum,</span> <span class='ocrx_word' id='word_1_244' title='bbox 1257 1557 1399 1586; x_wconf 78' lang='lat' dir='ltr'>meretrix</span> 
     </span>
     <span class='ocr_line' id='line_1_28' title="bbox 271 1608 1399 1647; baseline -0.002 -9"><span class='ocrx_word' id='word_1_245' title='bbox 271 1609 400 1645; x_wconf 88' lang='lat' dir='ltr'>domum,</span> <span class='ocrx_word' id='word_1_246' title='bbox 431 1609 552 1638; x_wconf 87' lang='lat' dir='ltr'>advenit</span> <span class='ocrx_word' id='word_1_247' title='bbox 575 1608 773 1638; x_wconf 73' lang='lat' dir='ltr'>Menaechmus</span> <span class='ocrx_word' id='word_1_248' title='bbox 796 1609 872 1638; x_wconf 82' lang='lat' dir='ltr'>alter</span> <span class='ocrx_word' id='word_1_249' title='bbox 894 1618 990 1647; x_wconf 84' lang='lat' dir='ltr'>nuper</span> <span class='ocrx_word' id='word_1_250' title='bbox 1013 1608 1138 1647; x_wconf 81' lang='lat' dir='ltr'>appulsa</span> <span class='ocrx_word' id='word_1_251' title='bbox 1161 1609 1229 1637; x_wconf 88' lang='lat' dir='ltr'>navi</span> <span class='ocrx_word' id='word_1_252' title='bbox 1252 1618 1310 1637; x_wconf 87' lang='lat' dir='ltr'>una</span> <span class='ocrx_word' id='word_1_253' title='bbox 1333 1618 1399 1637; x_wconf 88' lang='lat' dir='ltr'>cum</span> 
     </span>
     <span class='ocr_line' id='line_1_29' title="bbox 270 1659 1398 1698; baseline -0.001 -9"><span class='ocrx_word' id='word_1_254' title='bbox 270 1661 456 1690; x_wconf 85' lang='lat' dir='ltr'>Messenione</span> <span class='ocrx_word' id='word_1_255' title='bbox 487 1661 652 1698; x_wconf 86' lang='lat' dir='ltr'>ceterisque</span> <span class='ocrx_word' id='word_1_256' title='bbox 682 1661 776 1690; x_wconf 84' lang='lat' dir='ltr'>servis</span> <span class='ocrx_word' id='word_1_257' title='bbox 798 1661 930 1689; x_wconf 77' lang='lat' dir='ltr'>sarcinas</span> <span class='ocrx_word' id='word_1_258' title='bbox 952 1659 1151 1698; x_wconf 82' lang='lat' dir='ltr'>portantibus,</span> <span class='ocrx_word' id='word_1_259' title='bbox 1175 1669 1202 1688; x_wconf 87' lang='lat' dir='ltr'>v.</span> <span class='ocrx_word' id='word_1_260' title='bbox 1229 1660 1301 1688; x_wconf 87' lang='grc'><strong>346.</strong></span> <span class='ocrx_word' id='word_1_261' title='bbox 1326 1660 1398 1688; x_wconf 89' lang='lat'>425.</span> 
     </span>
     <span class='ocr_line' id='line_1_30' title="bbox 272 1709 1400 1750; baseline -0.002 -10"><span class='ocrx_word' id='word_1_262' title='bbox 272 1713 344 1741; x_wconf 88' lang='lat'>434.</span> <span class='ocrx_word' id='word_1_263' title='bbox 401 1709 534 1750; x_wconf 85' lang='lat' dir='ltr'>(Brixius</span> <span class='ocrx_word' id='word_1_264' title='bbox 568 1712 649 1750; x_wconf 87' lang='lat' dir='ltr'>quod</span> <span class='ocrx_word' id='word_1_265' title='bbox 683 1721 749 1740; x_wconf 92' lang='lat' dir='ltr'>eum</span> <span class='ocrx_word' id='word_1_266' title='bbox 781 1712 840 1740; x_wconf 88' lang='lat' dir='ltr'>iam</span> <span class='ocrx_word' id='word_1_267' title='bbox 869 1712 898 1740; x_wconf 91' lang='lat' dir='ltr'>in</span> <span class='ocrx_word' id='word_1_268' title='bbox 926 1710 1081 1739; x_wconf 76' lang='lat' dir='ltr'>tabernam</span> <span class='ocrx_word' id='word_1_269' title='bbox 1110 1711 1268 1740; x_wconf 84' lang='lat' dir='ltr'>divertisse</span> <span class='ocrx_word' id='word_1_270' title='bbox 1298 1710 1400 1748; x_wconf 87' lang='lat' dir='ltr'>ibique</span> 
     </span>
     <span class='ocr_line' id='line_1_31' title="bbox 271 1758 1401 1801; baseline -0.002 -9"><span class='ocrx_word' id='word_1_271' title='bbox 271 1763 456 1800; x_wconf 76' lang='lat' dir='ltr'>chlamydem</span> <span class='ocrx_word' id='word_1_272' title='bbox 486 1765 516 1792; x_wconf 87' lang='lat' dir='ltr'>et</span> <span class='ocrx_word' id='word_1_273' title='bbox 544 1766 679 1801; x_wconf 82' lang='lat' dir='ltr'>petasum</span> <span class='ocrx_word' id='word_1_274' title='bbox 710 1763 844 1801; x_wconf 83' lang='lat' dir='ltr'>posuisse</span> <span class='ocrx_word' id='word_1_275' title='bbox 875 1765 984 1799; x_wconf 82' lang='lat' dir='ltr'>censet,</span> <span class='ocrx_word' id='word_1_276' title='bbox 1012 1759 1153 1798; x_wconf 82' lang='lat' dir='ltr'>fallitur.)</span> <span class='ocrx_word' id='word_1_277' title='bbox 1177 1777 1219 1782; x_wconf 95' lang='lat'>—</span> <span class='ocrx_word' id='word_1_278' title='bbox 1248 1758 1401 1798; x_wconf 73' lang='lat' dir='ltr'>Uoluptas</span> 
     </span>
     <span class='ocr_line' id='line_1_32' title="bbox 271 1811 1400 1853; baseline -0.002 -9"><span class='ocrx_word' id='word_1_279' title='bbox 271 1811 358 1844; x_wconf 76' lang='lat' dir='ltr'>nulla</span> <span class='ocrx_word' id='word_1_280' title='bbox 385 1813 432 1843; x_wconf 70' lang='lat' dir='ltr'>est</span> <span class='ocrx_word' id='word_1_281' title='bbox 459 1815 500 1850; x_wconf 79' lang='lat' dir='ltr'>A3</span> <span class='ocrx_word' id='word_1_282' title='bbox 539 1815 629 1851; x_wconf 85' lang='lat' dir='ltr'>„item</span> <span class='ocrx_word' id='word_1_283' title='bbox 660 1817 803 1852; x_wconf 80' lang='lat' dir='ltr'>quattuor</span> <span class='ocrx_word' id='word_1_284' title='bbox 832 1823 936 1843; x_wconf 84' lang='lat' dir='ltr'>versus</span> <span class='ocrx_word' id='word_1_285' title='bbox 963 1814 1076 1853; x_wconf 85' lang='lat' dir='ltr'>primos</span> <span class='ocrx_word' id='word_1_286' title='bbox 1106 1813 1232 1842; x_wconf 80' lang='lat' dir='ltr'>afferens</span> <span class='ocrx_word' id='word_1_287' title='bbox 1261 1813 1400 1842; x_wconf 80' lang='lat' dir='ltr'>Placidus</span> 
     </span>
     <span class='ocr_line' id='line_1_33' title="bbox 272 1861 1400 1903; baseline -0.001 -9"><span class='ocrx_word' id='word_1_288' title='bbox 272 1865 445 1895; x_wconf 85' lang='lat' dir='ltr'>Lactantius</span> <span class='ocrx_word' id='word_1_289' title='bbox 465 1867 495 1894; x_wconf 92' lang='lat' dir='ltr'>in</span> <span class='ocrx_word' id='word_1_290' title='bbox 513 1865 587 1895; x_wconf 78' lang='lat' dir='ltr'>Stat.</span> <span class='ocrx_word' id='word_1_291' title='bbox 602 1865 694 1894; x_wconf 86' lang='lat' dir='ltr'>Theb.</span> <span class='ocrx_word' id='word_1_292' title='bbox 714 1865 751 1902; x_wconf 87' lang='lat'>11,</span> <span class='ocrx_word' id='word_1_293' title='bbox 767 1863 857 1901; x_wconf 81' lang='lat'>194“‚</span> <span class='ocrx_word' id='word_1_294' title='bbox 875 1864 909 1893; x_wconf 92' lang='lat' dir='ltr'>R.</span> <span class='ocrx_word' id='word_1_295' title='bbox 928 1880 969 1884; x_wconf 97' lang='lat'><strong>—</strong></span> <span class='ocrx_word' id='word_1_296' title='bbox 990 1865 1060 1894; x_wconf 88' lang='lat'>225.</span> <span class='ocrx_word' id='word_1_297' title='bbox 1085 1861 1232 1903; x_wconf 76' lang='lat' dir='ltr'>quoniam</span> <span class='ocrx_word' id='word_1_298' title='bbox 1250 1865 1322 1893; x_wconf 77' lang='lat' dir='ltr'>ferri</span> <span class='ocrx_word' id='word_1_299' title='bbox 1341 1874 1400 1893; x_wconf 87' lang='lat' dir='ltr'>non</span> 
     </span>
     <span class='ocr_line' id='line_1_34' title="bbox 271 1915 1400 1955; baseline -0.002 -9"><span class='ocrx_word' id='word_1_300' title='bbox 271 1919 380 1955; x_wconf 81' lang='lat' dir='ltr'>potest,</span> <span class='ocrx_word' id='word_1_301' title='bbox 405 1915 530 1954; x_wconf 76' lang='lat' dir='ltr'>quando</span> <span class='ocrx_word' id='word_1_302' title='bbox 549 1916 689 1946; x_wconf 80' lang='lat' dir='ltr'>Placidus</span> <span class='ocrx_word' id='word_1_303' title='bbox 706 1926 801 1955; x_wconf 86' lang='lat' dir='ltr'>nuper</span> <span class='ocrx_word' id='word_1_304' title='bbox 819 1916 967 1951; x_wconf 81' lang='lat' dir='ltr'>laudatus,</span> <span class='ocrx_word' id='word_1_305' title='bbox 987 1915 1106 1952; x_wconf 82' lang='lat' dir='ltr'>Lamb.;</span> <span class='ocrx_word' id='word_1_306' title='bbox 1143 1925 1249 1954; x_wconf 84' lang='lat' dir='ltr'>„quam</span> <span class='ocrx_word' id='word_1_307' title='bbox 1269 1916 1400 1954; x_wconf 87' lang='lat' dir='ltr'>aliquam</span> 
     </span>
     <span class='ocr_line' id='line_1_35' title="bbox 271 1964 1400 2006; baseline -0.002 -9"><span class='ocrx_word' id='word_1_308' title='bbox 271 1966 379 2006; x_wconf 89' lang='lat' dir='ltr'>quom“</span> <span class='ocrx_word' id='word_1_309' title='bbox 406 1967 541 1997; x_wconf 84' lang='lat' dir='ltr'>Mueller.</span> <span class='ocrx_word' id='word_1_310' title='bbox 566 1968 687 1997; x_wconf 80' lang='lat' dir='ltr'>Nachtr.</span> <span class='ocrx_word' id='word_1_311' title='bbox 711 1978 740 2006; x_wconf 93' lang='lat' dir='ltr'>p.</span> <span class='ocrx_word' id='word_1_312' title='bbox 768 1968 837 2003; x_wconf 87' lang='lat'>128,</span> <span class='ocrx_word' id='word_1_313' title='bbox 863 1976 970 2006; x_wconf 86' lang='lat' dir='ltr'>„quam</span> <span class='ocrx_word' id='word_1_314' title='bbox 995 1968 1019 1995; x_wconf 93' lang='lat' dir='ltr'>si</span> <span class='ocrx_word' id='word_1_315' title='bbox 1043 1966 1149 2004; x_wconf 87' lang='lat' dir='ltr'>quam“</span> <span class='ocrx_word' id='word_1_316' title='bbox 1177 1964 1248 1995; x_wconf 82' lang='lat' dir='ltr'>Br.²</span> <span class='ocrx_word' id='word_1_317' title='bbox 1269 1981 1304 1986; x_wconf 91' lang='lat'><em>-</em></span> <span class='ocrx_word' id='word_1_318' title='bbox 1329 1967 1400 1996; x_wconf 78' lang='lat'>226.</span> 
     </span>
     <span class='ocr_line' id='line_1_36' title="bbox 275 2015 1398 2058; baseline -0.002 -10"><span class='ocrx_word' id='word_1_319' title='bbox 275 2016 408 2055; x_wconf 54' lang='lat' dir='ltr'>„Maian</span> <span class='ocrx_word' id='word_1_320' title='bbox 432 2029 471 2048; x_wconf 86' lang='lat' dir='ltr'>sc.</span> <span class='ocrx_word' id='word_1_321' title='bbox 485 2022 584 2048; x_wconf 86' lang='lat' dir='ltr'>tamen</span> <span class='ocrx_word' id='word_1_322' title='bbox 603 2022 648 2048; x_wconf 87' lang='lat' dir='ltr'>est</span> <span class='ocrx_word' id='word_1_323' title='bbox 665 2016 835 2058; x_wconf 81' lang='lat' dir='ltr'>voluptas“,</span> <span class='ocrx_word' id='word_1_324' title='bbox 858 2018 906 2047; x_wconf 91' lang='lat' dir='ltr'>Br.</span> <span class='ocrx_word' id='word_1_325' title='bbox 920 2032 960 2037; x_wconf 94' lang='lat'><strong>—</strong></span> <span class='ocrx_word' id='word_1_326' title='bbox 973 2025 1038 2047; x_wconf 79' lang='lat' dir='ltr'>non</span> <span class='ocrx_word' id='word_1_327' title='bbox 1052 2015 1152 2046; x_wconf 81' lang='lat' dir='ltr'>dicam</span> <span class='ocrx_word' id='word_1_328' title='bbox 1166 2015 1245 2054; x_wconf 83' lang='lat' dir='ltr'>dolo,</span> <span class='ocrx_word' id='word_1_329' title='bbox 1269 2018 1304 2047; x_wconf 78' lang='lat' dir='ltr'>cs.</span> <span class='ocrx_word' id='word_1_330' title='bbox 1317 2017 1398 2046; x_wconf 83' lang='lat' dir='ltr'>Trin.</span> 
     </span>
     <span class='ocr_line' id='line_1_37' title="bbox 272 2069 1401 2100; baseline -0.002 0"><span class='ocrx_word' id='word_1_331' title='bbox 272 2071 322 2100; x_wconf 87' lang='grc'>91.</span> <span class='ocrx_word' id='word_1_332' title='bbox 347 2071 418 2100; x_wconf 75' lang='lat'>482.</span> <span class='ocrx_word' id='word_1_333' title='bbox 464 2070 566 2100; x_wconf 81' lang='lat' dir='ltr'>Madv.</span> <span class='ocrx_word' id='word_1_334' title='bbox 586 2069 637 2100; x_wconf 84' lang='lat' dir='ltr'>Gr.</span> <span class='ocrx_word' id='word_1_335' title='bbox 657 2070 722 2100; x_wconf 84' lang='lat' dir='ltr'>Lat.</span> <span class='ocrx_word' id='word_1_336' title='bbox 745 2071 804 2099; x_wconf 84' lang='lat'>257</span> <span class='ocrx_word' id='word_1_337' title='bbox 823 2072 885 2099; x_wconf 87' lang='lat' dir='ltr'>not.</span> <span class='ocrx_word' id='word_1_338' title='bbox 900 2070 928 2099; x_wconf 84' lang='lat'>2.</span> <span class='ocrx_word' id='word_1_339' title='bbox 975 2069 1099 2098; x_wconf 84' lang='lat' dir='ltr'>Servum</span> <span class='ocrx_word' id='word_1_340' title='bbox 1118 2079 1176 2099; x_wconf 87' lang='lat' dir='ltr'>non</span> <span class='ocrx_word' id='word_1_341' title='bbox 1196 2070 1286 2099; x_wconf 85' lang='lat' dir='ltr'>maris</span> <span class='ocrx_word' id='word_1_342' title='bbox 1305 2069 1401 2098; x_wconf 89' lang='lat' dir='ltr'>solum</span> 
     </span>
    </p>
   </div>
   <div class='ocr_carea' id='block_1_5' title="bbox 1548 1403 1560 1608">
    <p class='ocr_par' dir='ltr' id='par_1_6' title="bbox 1548 1403 1560 1608">
     <span class='ocr_line' id='line_1_38' title="bbox 1551 1403 1559 1422; baseline 0 0"><span class='ocrx_word' id='word_1_343' title='bbox 1551 1403 1559 1422; x_wconf 57' lang='grc' dir='ltr'>ἡ,</span> 
     </span>
     <span class='ocr_line' id='line_1_39' title="bbox 1548 1530 1560 1575; baseline 0 0"><span class='ocrx_word' id='word_1_344' title='bbox 1548 1530 1560 1575; x_wconf 66' lang='lat' dir='ltr'>i</span> 
     </span>
     <span class='ocr_line' id='line_1_40' title="bbox 1549 1578 1560 1608; baseline 0 0"><span class='ocrx_word' id='word_1_345' title='bbox 1549 1578 1560 1608; x_wconf 57' lang='lat' dir='ltr'>i</span> 
     </span>
    </p>
   </div>
   <div class='ocr_carea' id='block_1_6' title="bbox 1537 1725 1569 2388">
    <p class='ocr_par' dir='ltr' id='par_1_7' title="bbox 1537 1725 1569 2388">
     <span class='ocr_line' id='line_1_41' title="bbox 1537 1725 1569 2388; baseline 0 90"><span class='ocrx_word' id='word_1_346' title='bbox 1537 1725 1569 2388; x_wconf 95' lang='lat' dir='ltr'> </span> 
     </span>
    </p>
   </div>
   <div class='ocr_carea' id='block_1_7' title="bbox 0 2459 1596 2478">
    <p class='ocr_par' dir='ltr' id='par_1_8' title="bbox 0 2459 1596 2478">
     <span class='ocr_line' id='line_1_42' title="bbox 0 2459 1596 2478; baseline 0 0"><span class='ocrx_word' id='word_1_347' title='bbox 0 2459 1596 2478; x_wconf 95' lang='lat' dir='ltr'> </span> 
     </span>
    </p>
   </div>
  </div>
 </body>
</html>
