1596 2478
135 218 166 248 V,
185 220 208 249 4,
226 219 334 248 23-32,
647 218 754 244 Casina.
1215 222 1252 250 77

132 312 193 353 [Ne
227 317 264 344 ut
297 324 368 344 eam
401 322 545 350 amasso;
579 313 606 343 si
638 323 697 352 ego
728 323 879 352 umquam
904 312 985 344 adeo
1015 313 1154 353 posthac
1183 313 1249 345 tale

849 365 1025 407 admisero]

131 420 226 452 Nulla
249 431 348 453 causa
371 424 429 460 est,
454 421 530 461 quin
554 420 750 461 pendentem
768 431 828 457 me,
852 431 941 459 uxor,
966 421 1067 461 uirgis
1086 421 1248 453 uerberos.

587 496 795 538 Myrrhina

132 550 257 583 Censeo
282 555 412 583 ecastor
435 552 565 583 ueniam
589 551 675 583 hanc
697 552 727 582 ei
749 551 899 583 dandam.

578 628 804 661 Cleostrata

873 683 1005 715 Faciam
1029 687 1065 715 ut
1089 686 1123 715 tu
1145 684 1248 716 iubes.

130 736 267 778 Propter
301 747 371 768 eam
400 737 484 768 hanc
511 737 571 768 tibi
602 748 669 769 rem
700 748 785 769 nunc
813 738 942 769 ueniam
974 739 1078 769 minus
1113 743 1249 776 grauate

842 803 1008 833 prospero,
1199 801 1249 827 925

129 845 220 877 Hauc
243 856 281 877 ex
305 846 401 885 longa
423 846 603 886 longiorem
626 856 665 877 ne
689 845 847 878 faciamus
871 846 1025 878 fabulam.

567 923 802 963 Lysidamus

128 975 200 1008 Non
223 977 310 1009 irata
333 977 390 1009 es?

569 1050 803 1084 Cleostrata

433 1105 505 1138 Non
528 1116 601 1137 sum
623 1107 719 1138 irata.

566 1177 801 1219 Lysidamus

759 1233 848 1264 Tuae
872 1232 947 1264 fidei
973 1234 1093 1265 credo?

567 1303 804 1336 Cleostrata

1143 1360 1244 1392 Meae.

566 1430 802 1471 Lysidamus

127 1484 332 1525 Lepidiorem
355 1495 488 1516 uxorem
512 1495 607 1516 nemo
631 1486 813 1527 quisquam.
833 1495 930 1526 quam
951 1495 1008 1525 ego
1028 1485 1132 1517 habeo
1152 1486 1244 1523 hanc,

839 1539 948 1570 habet.

567 1609 806 1643 Cleostrata

126 1665 192 1704 Age
216 1668 251 1695 tu
274 1664 374 1696 redde
398 1664 473 1696 huic
496 1665 673 1705 scipionem
697 1668 730 1696 et
753 1665 899 1706 pallium.

585 1741 781 1774 Chalinus
1133 1774 1140 1777 ,

939 1797 1034 1835 Tene,
1059 1797 1086 1828 si
1108 1797 1209 1829 lubet.

125 1849 205 1881 Mihi
229 1850 360 1891 quidem
383 1851 499 1892 edepol
522 1852 674 1891 insignite
697 1851 783 1883 facta
807 1855 857 1883 est
879 1862 998 1891 magna
1020 1851 1155 1891 iniuria3
1191 1861 1242 1887 930

125 1905 260 1936 Duobus
282 1906 392 1946 nupsi;
414 1909 530 1937 neuter
553 1906 641 1944 fecit,
666 1906 755 1946 quod
777 1916 882 1937 nouae
906 1909 1027 1946 nuptae
1051 1906 1143 1937 solet.

208 2034 259 2059 922
277 2041 399 2059 eamasso
418 2033 443 2059 A
513 2034 631 2060 amisero
649 2034 669 2060 Ι
717 2035 768 2060 924
786 2035 811 2060 ei
830 2042 877 2060 om.
945 2036 975 2060 tu
995 2041 1044 2060 om.
1114 2035 1163 2060 925
1182 2044 1240 2061 rem

124 2075 195 2102 hanc
213 2077 264 2102 tibi
283 2085 342 2102 rem
360 2074 417 2102 ΒΕ
498 2077 548 2102 926
567 2077 595 2102 ni
675 2078 725 2104 928
744 2086 825 2103 nemo
846 2085 960 2103 uxorem
980 2077 1006 2102 A
1093 2078 1240 2111 quisquam

124 2127 173 2146 mn.
192 2119 218 2145 A
413 2119 503 2145 habeo
522 2119 607 2146 habet
625 2120 696 2146 hanc
715 2120 787 2146 habe
806 2122 840 2152 A,
861 2120 949 2146 habeo
968 2119 1002 2153 ssl:
1020 2120 1090 2145 hanc
1110 2120 1196 2147 habet
1214 2120 1241 2146 B

124 2162 175 2188 929
192 2162 215 2188 si
233 2169 282 2188 om.
299 2161 374 2188 ΒΙΕ
439 2163 490 2188 930
508 2163 617 2196 insigne
635 2166 662 2189 te
