1596 2478
598 172 626 196 Υ.
647 173 791 199 552—589.
1196 176 1257 205 339

134 283 176 288 -
200 269 270 297 575.
294 265 348 296 Eu
370 265 479 303 hercle,
504 279 530 297 v.
556 269 592 297 ad
618 270 688 298 331.
740 269 774 298 R.
799 280 863 298 cum
888 269 1070 299 Schneidero
1094 269 1145 299 Gr.
1170 271 1221 299 lat.
1246 271 1258 299 1

134 329 162 357 p.
191 320 249 347 140
276 316 391 354 „Heu“,
426 321 476 347 vix
505 324 592 348 recte.
649 328 688 348 ne
711 321 831 349 additur
860 321 950 349 etiam
981 320 1056 350 Rud.
1080 321 1155 350 810:
1193 321 1258 357 „Eu

134 370 232 398 hercle
266 380 302 398 uo
337 370 404 398 istic
434 370 501 398 fana
537 374 690 399 mutantur
724 370 815 400 cito“.
882 371 1043 407 Fleckeis.,
1080 372 1130 408 R.,
1162 372 1258 409 Bugg.

137 419 264 456 „nuuc“.
281 435 315 440 -
334 422 479 449 576-78
505 421 636 458 Buggius
660 422 822 451 Ritschelio
847 423 920 451 duce
944 420 1038 460 (proef.
1052 420 1166 461 p.X11)
1190 426 1259 452 ante

134 481 159 500 v.
176 473 235 501 599
259 473 376 510 posuit;
400 472 471 500 mihi
496 472 570 500 nihil
594 474 767 501 mutandum
793 473 919 509 videtur,
945 478 975 502 et
998 475 1146 503 consentit
1169 475 1258 503 etiam

135 533 199 552 cum
223 524 330 552 ceteris
353 523 388 558 A,
419 523 449 552 in
473 533 531 561 quo
555 521 646 552 illum
671 525 778 552 lectum
804 527 858 553 est.
904 525 1029 553 Danista
1051 535 1141 554 morae
1165 526 1259 563 impa-

133 576 226 609 tiens,
259 577 293 602 ut
321 574 458 603 solebant
488 574 665 610 creditores,
699 574 910 604 Philolachetis
939 586 1044 604 nomen
1073 576 1200 605 clamore
1229 578 1261 605 et

134 626 267 654 convicio
291 626 438 661 nominat,
462 626 520 661 vel,
545 630 578 654 ut
601 627 670 656 olim
696 627 845 661 dicebant,
869 630 965 664 portae
988 627 1202 665 obvagulatur‚
1231 637 1259 656 v.

133 677 171 706 ad
194 676 278 706 Cure.
302 677 372 705 678.
418 677 541 705 Factum
567 678 621 706 hoc
644 687 708 706 esse
731 682 859 716 apparet
883 688 918 706 ex
939 679 1014 713 606;
1038 678 1088 707 sed
1112 679 1178 716 ipsa
1201 679 1260 707 cla-

133 729 224 756 matio
247 727 364 756 excidit.
410 728 445 757 R.
469 732 537 766 post
559 739 586 758 v.
612 730 672 758 576
702 730 760 757 tale
790 730 862 767 quid
885 730 1028 767 scriptum
1052 729 1142 758 fuisse
1165 731 1259 768 suspi-

134 781 232 808 catur:
268 779 383 815 „Heus,
408 779 610 813 Philolaches.
635 781 683 808 exi
706 781 800 815 intus,
825 781 928 808 faenus
951 779 1098 810 reddito“.
1124 795 1160 799 —
1189 781 1258 809 578.

133 827 242 859 Meum
271 828 343 866 peto
371 830 497 859 danistae
525 831 684 860 tribuenda
713 841 775 860 esse
805 832 881 859 vidit
911 831 990 860 Cam.
1022 846 1063 851 ·—
1099 833 1170 861 581.
1204 828 1262 862 hoc

133 877 231 912 verbo.
255 884 387 917 argento.
433 879 528 918 eripis
545 883 580 911 A.
602 897 638 901 —
661 883 730 911 5822.
757 879 877 911 Sortem
901 880 1012 919 accipe.
1058 883 1140 911 Dicis
1162 893 1259 919 causa,

134 934 218 971 quasi
242 933 374 970 pecuniae
393 934 478 970 copia
497 933 585 969 adsit,
604 936 712 962 sortem
733 944 763 961 se
782 934 968 962 redditurum
989 934 1147 971 promittit,
1172 945 1260 972 quam

134 984 338 1012 faeneratorem
369 985 503 1022 accipere
531 984 610 1012 nolle
638 986 738 1020 novit,
773 995 800 1013 v.
832 985 901 1013 524.
958 984 1020 1013 Iam
1049 994 1134 1021 vero,
1170 996 1259 1023 quum

133 1034 349 1072 flagitationem
373 1035 500 1064 danistae
529 1035 732 1074 Theopropidi
757 1046 818 1064 rem
842 1036 996 1074 aperuisse
1019 1036 1111 1070 videt,
1147 1039 1176 1064 et
1199 1037 1262 1074 ipse

134 1096 241 1124 magna
265 1096 334 1115 voce
357 1087 502 1124 loquitur.
523 1102 564 1106 —
591 1088 660 1116 583.
689 1083 774 1123 Quid
795 1084 844 1115 ais
868 1085 916 1121 tu,
940 1085 1078 1115 omnium
1100 1084 1261 1116 hominum

135 1135 163 1166 A
186 1148 251 1166 cum
281 1138 365 1166 hiatu
388 1141 457 1176 post
483 1137 551 1174 ‚‚tu“
579 1141 608 1166 et
632 1142 699 1166 ante
726 1136 924 1174 „hominum“,
949 1148 976 1166 v.
999 1138 1118 1175 Proleg.
1138 1148 1167 1176 p.
1189 1140 1260 1167 221.

134 1189 168 1218 R.
196 1188 270 1225 ,‚tu?
293 1189 367 1224 tun’,
401 1189 555 1218 hominum
578 1187 747 1222 omnium“;
783 1189 917 1227 Spengel.
943 1199 1006 1217 cum
1031 1189 1161 1225 Bergkio
1188 1190 1260 1226 „ho-

135 1250 252 1268 monum
276 1239 443 1276 omnium“;
468 1241 562 1277 Bugg.
586 1251 620 1274 „o
644 1243 677 1268 tu
701 1241 853 1268 hominum
876 1239 1045 1276 omnium“;
1070 1240 1174 1270 Muell.
1203 1244 1263 1276 „tu‚

134 1294 306 1329 quantumst
328 1291 479 1320 hominum
509 1290 628 1320 homo“.
685 1292 715 1320 Si
747 1291 818 1329 quid
848 1291 1014 1320 addendum
1039 1294 1133 1328 esset,
1155 1292 1263 1320 facilli-

135 1353 213 1370 mum
244 1343 322 1371 foret
348 1344 496 1378 „omnium
521 1343 608 1372 homo
631 1342 815 1372 hominum“.
846 1357 886 1362 ·—
918 1343 988 1371 584.
1020 1342 1048 1371 te
1073 1341 1266 1372 eoetenffatum

134 1395 225 1422 etiam
249 1395 279 1422 in
302 1395 328 1422 A
350 1395 424 1431 legit
447 1393 553 1432 Gepp.‚
577 1395 614 1422 cf.
639 1394 742 1423 Bacch.
766 1395 836 1423 583.
861 1409 902 1413 --
927 1391 1011 1431 quod
1032 1392 1067 1422 in
1088 1400 1186 1422 manu
1209 1393 1263 1430 est,

136 1445 216 1482 quod
246 1446 276 1474 in
299 1448 351 1474 tua
374 1448 524 1484 potestate
548 1449 601 1480 est,
627 1445 662 1474 of.
688 1445 724 1474 ad
750 1445 856 1483 Amph.
884 1445 954 1474 560.
981 1445 1047 1473 add.
1073 1445 1165 1474 Mero.
1191 1446 1263 1474 446.

134 1496 216 1524 Trin.
244 1497 312 1526 105.
344 1511 385 1516 —
423 1498 494 1526 585.
524 1495 578 1526 Ne
600 1492 661 1532 frit
682 1493 806 1534 quidem
829 1496 914 1525 Ellis,
941 1507 988 1534 ap.
1013 1496 1211 1532 Sonnensch.,
1236 1507 1263 1525 v.

134 1547 218 1577 Varr.
250 1548 285 1576 R.
317 1548 351 1576 R.
382 1548 412 1585 I,
443 1549 499 1584 48,
532 1549 566 1576 3:
607 1548 703 1582 „Illud
732 1557 845 1576 summa
874 1550 905 1576 in
934 1548 1015 1585 spica
1046 1549 1105 1575 iam
1135 1550 1263 1583 matura,

135 1599 215 1636 quod
240 1602 286 1627 est
309 1600 406 1628 minus
431 1609 518 1637 quam
543 1608 684 1635 granum,
714 1603 837 1627 vocatur
866 1598 948 1627 frit.“
997 1599 1173 1636 Superiores
1196 1599 1264 1627 Aci-

134 1649 214 1678 dalio
239 1650 326 1678 duce:
360 1650 422 1686 „Ne
444 1652 498 1688 γρῦ
521 1648 673 1688 quidem“.
692 1665 733 1669 -
759 1651 819 1679 586
844 1660 909 1688 sqq.
934 1650 1120 1679 Lacunamm
1144 1650 1264 1688 supple-

135 1704 246 1736 menta,
283 1711 348 1739 quae
371 1703 540 1739 superiores
563 1704 766 1734 tentaverant,
801 1703 859 1729 iam
884 1701 990 1729 afferre
1013 1711 1263 1740 supervacaneum

134 1755 195 1787 est,
224 1755 383 1790 postquam
406 1753 596 1781 Ambrosiani
625 1750 813 1790 palimpsesti
838 1753 950 1781 auxilio
973 1753 1072 1781 omnia
1094 1753 1263 1782 felicissime

135 1804 268 1832 restituit
281 1803 512 1840 Studemundus,
537 1804 696 1841 Festgruss
721 1805 774 1832 der
796 1804 900 1841 philol.
920 1803 1080 1833 Gesellsch.
1102 1815 1139 1833 zu
1158 1805 1264 1833 Wiirz-

135 1854 210 1892 burg
237 1855 327 1892 1868,
351 1865 380 1893 p.
406 1857 442 1884 61
469 1865 513 1893 sq.
558 1855 587 1884 Is
611 1859 709 1884 autem
733 1857 742 1883 i
766 1856 791 1883 A
815 1855 877 1883 haec
900 1856 962 1884 fere
986 1856 1070 1893 legit:

199 1906 479 1936 FERREHINCPO
494 1929 500 1935 .
515 1929 521 1935 .
535 1906 1131 1941 SANMETUISNQUOABEATFORAS

199 1957 278 1986 URB
292 1981 298 1985 .
313 1981 319 1986 .
333 1957 926 1987 XOLATUMFAENORISCAUSATUI

200 2007 319 2037 CUIOR
333 2031 339 2037 .
354 2031 360 2036 .
374 2008 458 2037 MAG
472 2031 478 2037 .
493 2032 498 2037 .
515 2009 613 2038 .ERE
627 2032 633 2038 .
649 2032 655 2037 .
671 2008 818 2037 MLICEB
833 2032 838 2036 .
854 2032 859 2037 .
874 2031 881 2037 .
895 2008 1177 2044 QUINNONPETO

200 2059 830 2089 SORTEMILLUCPRIMUMFAENUSR
843 2083 848 2088 .
865 2083 870 2088 .
885 2060 1084 2089 DUNDUME
1098 2083 1104 2089 .
1118 2061 1244 2089 ΤΜΙΗΙ.

137 2111 207 2139 588.
232 2107 302 2139 licet
323 2121 378 2149 pro
405 2110 543 2147 „licebit“
570 2121 656 2139 versu
681 2114 803 2149 cogente
827 2111 959 2140 Studem.
974 2127 1014 2131 —
1033 2113 1104 2140 589.
1129 2112 1165 2140 ad
1190 2109 1264 2141 illuc

1007 2167 1058 2193 22*
