<?xml version="1.0" encoding="UTF-8"?>
<!DOCTYPE html PUBLIC "-//W3C//DTD XHTML 1.0 Transitional//EN"
    "http://www.w3.org/TR/xhtml1/DTD/xhtml1-transitional.dtd">
<html xmlns="http://www.w3.org/1999/xhtml" xml:lang="en" lang="en">
 <head>
  <title>
</title>
<meta http-equiv="Content-Type" content="text/html;charset=utf-8" />
  <meta name='ocr-system' content='tesseract 3.04.00' />
  <meta name='ocr-capabilities' content='ocr_page ocr_carea ocr_par ocr_line ocrx_word'/>
</head>
<body>
  <div class='ocr_page' id='page_1' title='image "./comoediaerecensu03plauuoft_0227.png"; bbox 0 0 1596 2478; ppageno 0'>
   <div class='ocr_carea' id='block_1_1' title="bbox 137 181 1267 217">
    <p class='ocr_par' dir='ltr' id='par_1_1' title="bbox 137 181 1267 217">
     <span class='ocr_line' id='line_1_1' title="bbox 137 181 1267 217; baseline -0.002 -8"><span class='ocrx_word' id='word_1_1' title='bbox 137 181 160 214; x_wconf 90' lang='lat'>1,</span> <span class='ocrx_word' id='word_1_2' title='bbox 182 184 203 215; x_wconf 82' lang='grc' dir='ltr'>ι,</span> <span class='ocrx_word' id='word_1_3' title='bbox 227 183 330 210; x_wconf 76' lang='lat'>30—40</span> <span class='ocrx_word' id='word_1_4' title='bbox 635 182 779 217; x_wconf 77' lang='lat' dir='ltr'>Epidicus.</span> <span class='ocrx_word' id='word_1_5' title='bbox 1247 186 1267 215; x_wconf 85' lang='lat'>9</span> 
     </span>
    </p>
   </div>
   <div class='ocr_carea' id='block_1_2' title="bbox 130 276 1268 1644">
    <p class='ocr_par' dir='ltr' id='par_1_2' title="bbox 130 276 1268 1644">
     <span class='ocr_line' id='line_1_2' title="bbox 599 276 796 318; baseline 0.005 -10"><span class='ocrx_word' id='word_1_6' title='bbox 599 276 796 318; x_wconf 83' lang='lat' dir='ltr'>Epidicus</span> 
     </span>
     <span class='ocr_line' id='line_1_3' title="bbox 137 330 624 372; baseline 0 -10"><span class='ocrx_word' id='word_1_7' title='bbox 137 330 262 372; x_wconf 82' lang='lat' dir='ltr'>Edepol</span> <span class='ocrx_word' id='word_1_8' title='bbox 287 330 415 363; x_wconf 81' lang='lat' dir='ltr'>facinus</span> <span class='ocrx_word' id='word_1_9' title='bbox 437 330 624 371; x_wconf 77' lang='lat' dir='ltr'>inprobum!</span> 
     </span>
     <span class='ocr_line' id='line_1_4' title="bbox 598 389 802 430; baseline 0 -9"><span class='ocrx_word' id='word_1_10' title='bbox 598 389 802 430; x_wconf 85' lang='lat' dir='ltr'>Thesprio</span> 
     </span>
     <span class='ocr_line' id='line_1_5' title="bbox 662 444 1265 477; baseline 0.003 -2"><span class='ocrx_word' id='word_1_11' title='bbox 662 445 704 475; x_wconf 85' lang='lat' dir='ltr'>At</span> <span class='ocrx_word' id='word_1_12' title='bbox 727 445 791 475; x_wconf 83' lang='lat' dir='ltr'>iam</span> <span class='ocrx_word' id='word_1_13' title='bbox 818 446 895 476; x_wconf 84' lang='lat' dir='ltr'>ante</span> <span class='ocrx_word' id='word_1_14' title='bbox 919 444 975 476; x_wconf 82' lang='lat' dir='ltr'>alii</span> <span class='ocrx_word' id='word_1_15' title='bbox 1000 444 1145 476; x_wconf 84' lang='lat' dir='ltr'>fecerunt</span> <span class='ocrx_word' id='word_1_16' title='bbox 1168 445 1265 477; x_wconf 86' lang='lat' dir='ltr'>idem.</span> 
     </span>
     <span class='ocr_line' id='line_1_6' title="bbox 136 497 586 530; baseline 0 -2"><span class='ocrx_word' id='word_1_17' title='bbox 136 497 206 529; x_wconf 83' lang='lat' dir='ltr'>Erit</span> <span class='ocrx_word' id='word_1_18' title='bbox 231 497 278 529; x_wconf 89' lang='lat' dir='ltr'>illi</span> <span class='ocrx_word' id='word_1_19' title='bbox 302 497 359 529; x_wconf 83' lang='lat' dir='ltr'>illa</span> <span class='ocrx_word' id='word_1_20' title='bbox 382 507 435 529; x_wconf 84' lang='lat' dir='ltr'>res</span> <span class='ocrx_word' id='word_1_21' title='bbox 459 497 586 530; x_wconf 88' lang='lat' dir='ltr'>honori.</span> 
     </span>
     <span class='ocr_line' id='line_1_7' title="bbox 597 557 794 598; baseline 0 -10"><span class='ocrx_word' id='word_1_22' title='bbox 597 557 794 598; x_wconf 85' lang='lat' dir='ltr'>Epidicus</span> 
     </span>
     <span class='ocr_line' id='line_1_8' title="bbox 634 609 717 648; baseline 0 -6"><span class='ocrx_word' id='word_1_23' title='bbox 634 609 717 648; x_wconf 80' lang='lat' dir='ltr'>Qui?</span> 
     </span>
     <span class='ocr_line' id='line_1_9' title="bbox 596 678 800 719; baseline -0.005 -9"><span class='ocrx_word' id='word_1_24' title='bbox 596 678 800 719; x_wconf 84' lang='lat' dir='ltr'>Thesprio</span> 
     </span>
     <span class='ocr_line' id='line_1_10' title="bbox 753 733 1129 771; baseline 0.003 -7"><span class='ocrx_word' id='word_1_25' title='bbox 753 733 838 771; x_wconf 85' lang='lat' dir='ltr'><strong>Quia</strong></span> <span class='ocrx_word' id='word_1_26' title='bbox 861 736 938 764; x_wconf 88' lang='lat' dir='ltr'>ante</span> <span class='ocrx_word' id='word_1_27' title='bbox 962 733 1035 765; x_wconf 80' lang='lat' dir='ltr'>aliis</span> <span class='ocrx_word' id='word_1_28' title='bbox 1059 734 1129 765; x_wconf 86' lang='lat' dir='ltr'>fuit.</span> 
     </span>
     <span class='ocr_line' id='line_1_11' title="bbox 134 785 1267 828; baseline 0.004 -11"><span class='ocrx_word' id='word_1_29' title='bbox 134 785 303 824; x_wconf 80' lang='lat' dir='ltr'>Mulciber,</span> <span class='ocrx_word' id='word_1_30' title='bbox 329 786 437 825; x_wconf 82' lang='lat' dir='ltr'>credo,</span> <span class='ocrx_word' id='word_1_31' title='bbox 461 797 553 818; x_wconf 81' lang='lat' dir='ltr'>arma</span> <span class='ocrx_word' id='word_1_32' title='bbox 577 787 664 826; x_wconf 85' lang='lat' dir='ltr'>fecit,</span> <span class='ocrx_word' id='word_1_33' title='bbox 689 797 772 827; x_wconf 83' lang='lat' dir='ltr'>quae</span> <span class='ocrx_word' id='word_1_34' title='bbox 796 786 913 818; x_wconf 87' lang='lat' dir='ltr'>habuit</span> <span class='ocrx_word' id='word_1_35' title='bbox 937 786 1175 828; x_wconf 76' lang='lat' dir='ltr'>Statippoeles3</span> <span class='ocrx_word' id='word_1_36' title='bbox 1232 799 1267 823; x_wconf 79' lang='lat'>35</span> 
     </span>
     <span class='ocr_line' id='line_1_12' title="bbox 134 839 602 872; baseline 0.002 -1"><span class='ocrx_word' id='word_1_37' title='bbox 134 839 400 872; x_wconf 82' lang='lat' dir='ltr'>Trauolauerunt</span> <span class='ocrx_word' id='word_1_38' title='bbox 423 840 464 872; x_wconf 84' lang='lat' dir='ltr'>ad</span> <span class='ocrx_word' id='word_1_39' title='bbox 489 840 602 872; x_wconf 88' lang='lat' dir='ltr'>hostis.</span> 
     </span>
     <span class='ocr_line' id='line_1_13' title="bbox 596 900 800 941; baseline 0.005 -10"><span class='ocrx_word' id='word_1_40' title='bbox 596 900 800 941; x_wconf 85' lang='lat' dir='ltr'>Epidicus</span> 
     </span>
     <span class='ocr_line' id='line_1_14' title="bbox 640 954 1134 995; baseline 0.004 -10"><span class='ocrx_word' id='word_1_41' title='bbox 640 954 722 985; x_wconf 90' lang='lat' dir='ltr'>Tum</span> <span class='ocrx_word' id='word_1_42' title='bbox 746 954 801 985; x_wconf 86' lang='lat' dir='ltr'>ille</span> <span class='ocrx_word' id='word_1_43' title='bbox 825 958 1005 995; x_wconf 86' lang='lat' dir='ltr'>prognatus</span> <span class='ocrx_word' id='word_1_44' title='bbox 1029 955 1134 994; x_wconf 83' lang='lat' dir='ltr'>Theti,</span> 
     </span>
     <span class='ocr_line' id='line_1_15' title="bbox 134 1007 1007 1049; baseline 0.001 -10"><span class='ocrx_word' id='word_1_45' title='bbox 134 1007 219 1046; x_wconf 85' lang='lat' dir='ltr'>Sine,</span> <span class='ocrx_word' id='word_1_46' title='bbox 244 1008 376 1049; x_wconf 76' lang='lat' dir='ltr'>perdat3</span> <span class='ocrx_word' id='word_1_47' title='bbox 401 1008 467 1039; x_wconf 85' lang='lat' dir='ltr'>alia</span> <span class='ocrx_word' id='word_1_48' title='bbox 491 1008 715 1049; x_wconf 83' lang='lat' dir='ltr'>adportabunt</span> <span class='ocrx_word' id='word_1_49' title='bbox 739 1009 767 1039; x_wconf 92' lang='lat' dir='ltr'>ei</span> <span class='ocrx_word' id='word_1_50' title='bbox 791 1007 888 1041; x_wconf 85' lang='lat' dir='ltr'>Nerei</span> <span class='ocrx_word' id='word_1_51' title='bbox 912 1008 1007 1040; x_wconf 84' lang='lat' dir='ltr'>filiae.</span> 
     </span>
     <span class='ocr_line' id='line_1_16' title="bbox 132 1062 1143 1103; baseline 0.002 -10"><span class='ocrx_word' id='word_1_52' title='bbox 132 1062 168 1094; x_wconf 87' lang='lat' dir='ltr'>Id</span> <span class='ocrx_word' id='word_1_53' title='bbox 193 1062 289 1094; x_wconf 92' lang='lat' dir='ltr'>modo</span> <span class='ocrx_word' id='word_1_54' title='bbox 313 1062 536 1101; x_wconf 84' lang='lat' dir='ltr'>uidendumst,</span> <span class='ocrx_word' id='word_1_55' title='bbox 561 1066 597 1094; x_wconf 84' lang='lat' dir='ltr'>ut</span> <span class='ocrx_word' id='word_1_56' title='bbox 622 1062 776 1094; x_wconf 77' lang='lat' dir='ltr'>materies</span> <span class='ocrx_word' id='word_1_57' title='bbox 800 1066 956 1103; x_wconf 79' lang='lat' dir='ltr'>suppetat</span> <span class='ocrx_word' id='word_1_58' title='bbox 980 1064 1143 1102; x_wconf 81' lang='lat' dir='ltr'>scutariis,</span> 
     </span>
     <span class='ocr_line' id='line_1_17' title="bbox 134 1115 1074 1158; baseline 0.001 -11"><span class='ocrx_word' id='word_1_59' title='bbox 134 1115 166 1148; x_wconf 85' lang='lat' dir='ltr'>Si</span> <span class='ocrx_word' id='word_1_60' title='bbox 190 1117 222 1148; x_wconf 87' lang='lat' dir='ltr'>in</span> <span class='ocrx_word' id='word_1_61' title='bbox 248 1116 384 1156; x_wconf 86' lang='lat' dir='ltr'>singulis</span> <span class='ocrx_word' id='word_1_62' title='bbox 409 1116 582 1158; x_wconf 84' lang='lat' dir='ltr'>stipendiis</span> <span class='ocrx_word' id='word_1_63' title='bbox 606 1116 648 1148; x_wconf 86' lang='lat' dir='ltr'>ad</span> <span class='ocrx_word' id='word_1_64' title='bbox 673 1116 785 1148; x_wconf 84' lang='lat' dir='ltr'>hostes</span> <span class='ocrx_word' id='word_1_65' title='bbox 810 1117 947 1149; x_wconf 87' lang='lat' dir='ltr'>exuuias</span> <span class='ocrx_word' id='word_1_66' title='bbox 972 1117 1074 1150; x_wconf 86' lang='lat' dir='ltr'>dabit.</span> 
     </span>
     <span class='ocr_line' id='line_1_18' title="bbox 594 1184 797 1226; baseline 0 -10"><span class='ocrx_word' id='word_1_67' title='bbox 594 1184 797 1226; x_wconf 84' lang='lat' dir='ltr'>Thesprio</span> 
     </span>
     <span class='ocr_line' id='line_1_19' title="bbox 135 1238 637 1280; baseline -0.002 -10"><span class='ocrx_word' id='word_1_68' title='bbox 135 1238 318 1280; x_wconf 84' lang='lat' dir='ltr'>Supersede</span> <span class='ocrx_word' id='word_1_69' title='bbox 343 1240 417 1271; x_wconf 81' lang='lat' dir='ltr'>istis</span> <span class='ocrx_word' id='word_1_70' title='bbox 442 1238 539 1271; x_wconf 86' lang='lat' dir='ltr'>rebus</span> <span class='ocrx_word' id='word_1_71' title='bbox 562 1239 637 1270; x_wconf 83' lang='lat' dir='ltr'>iam.</span> 
     </span>
     <span class='ocr_line' id='line_1_20' title="bbox 596 1307 795 1347; baseline 0 -9"><span class='ocrx_word' id='word_1_72' title='bbox 596 1307 795 1347; x_wconf 83' lang='lat' dir='ltr'>Epidicus</span> 
     </span>
     <span class='ocr_line' id='line_1_21' title="bbox 620 1360 1268 1402; baseline 0.005 -10"><span class='ocrx_word' id='word_1_73' title='bbox 620 1361 669 1393; x_wconf 91' lang='lat' dir='ltr'>Tu</span> <span class='ocrx_word' id='word_1_74' title='bbox 694 1362 774 1402; x_wconf 82' lang='lat' dir='ltr'>ipse,</span> <span class='ocrx_word' id='word_1_75' title='bbox 797 1361 855 1392; x_wconf 87' lang='lat' dir='ltr'>ubi</span> <span class='ocrx_word' id='word_1_76' title='bbox 878 1360 981 1400; x_wconf 82' lang='lat' dir='ltr'>lubet,</span> <span class='ocrx_word' id='word_1_77' title='bbox 1006 1361 1102 1393; x_wconf 89' lang='lat' dir='ltr'>finem</span> <span class='ocrx_word' id='word_1_78' title='bbox 1126 1362 1207 1394; x_wconf 81' lang='lat' dir='ltr'>sace.</span> <span class='ocrx_word' id='word_1_79' title='bbox 1232 1372 1268 1397; x_wconf 81' lang='grc' dir='ltr'>4ο</span> 
     </span>
     <span class='ocr_line' id='line_1_22' title="bbox 598 1429 793 1470; baseline 0.005 -10"><span class='ocrx_word' id='word_1_80' title='bbox 598 1429 793 1470; x_wconf 81' lang='lat' dir='ltr'>Thesprio</span> 
     </span>
     <span class='ocr_line' id='line_1_23' title="bbox 130 1483 519 1524; baseline 0 -9"><span class='ocrx_word' id='word_1_81' title='bbox 130 1483 260 1515; x_wconf 82' lang='lat' dir='ltr'>Desiste</span> <span class='ocrx_word' id='word_1_82' title='bbox 284 1484 519 1524; x_wconf 81' lang='lat' dir='ltr'>percontarier.</span> 
     </span>
     <span class='ocr_line' id='line_1_24' title="bbox 595 1542 794 1584; baseline 0 -10"><span class='ocrx_word' id='word_1_83' title='bbox 595 1542 794 1584; x_wconf 88' lang='lat' dir='ltr'>Epidicus</span> 
     </span>
     <span class='ocr_line' id='line_1_25' title="bbox 559 1596 1265 1644; baseline 0.001 -16"><span class='ocrx_word' id='word_1_84' title='bbox 559 1597 725 1644; x_wconf 74' lang='lat' dir='ltr'>Loquere3</span> <span class='ocrx_word' id='word_1_85' title='bbox 753 1598 823 1638; x_wconf 86' lang='lat' dir='ltr'>ipse</span> <span class='ocrx_word' id='word_1_86' title='bbox 848 1596 903 1628; x_wconf 92' lang='lat' dir='ltr'>ubi</span> <span class='ocrx_word' id='word_1_87' title='bbox 928 1602 978 1630; x_wconf 86' lang='lat' dir='ltr'>est</span> <span class='ocrx_word' id='word_1_88' title='bbox 1001 1597 1265 1640; x_wconf 83' lang='lat' dir='ltr'>Stratippocles?</span> 
     </span>
    </p>
   </div>
   <div class='ocr_carea' id='block_1_3' title="bbox 131 1666 1265 1942">
    <p class='ocr_par' dir='ltr' id='par_1_3' title="bbox 131 1666 1265 1942">
     <span class='ocr_line' id='line_1_26' title="bbox 596 1666 799 1706; baseline -0.005 -9"><span class='ocrx_word' id='word_1_89' title='bbox 596 1666 620 1697; x_wconf 90' lang='lat' dir='ltr'>T</span> <span class='ocrx_word' id='word_1_90' title='bbox 630 1666 651 1697; x_wconf 91' lang='lat' dir='ltr'>h</span> <span class='ocrx_word' id='word_1_91' title='bbox 660 1676 676 1697; x_wconf 90' lang='lat' dir='ltr'>e</span> <span class='ocrx_word' id='word_1_92' title='bbox 688 1677 702 1697; x_wconf 92' lang='lat' dir='ltr'>s</span> <span class='ocrx_word' id='word_1_93' title='bbox 711 1677 730 1706; x_wconf 90' lang='lat' dir='ltr'>p</span> <span class='ocrx_word' id='word_1_94' title='bbox 739 1666 799 1697; x_wconf 88' lang='lat' dir='ltr'>rio</span> 
     </span>
     <span class='ocr_line' id='line_1_27' title="bbox 131 1719 1058 1761; baseline 0.001 -10"><span class='ocrx_word' id='word_1_95' title='bbox 131 1719 190 1751; x_wconf 85' lang='lat' dir='ltr'>Est</span> <span class='ocrx_word' id='word_1_96' title='bbox 214 1729 324 1757; x_wconf 76' lang='lat' dir='ltr'>causa,</span> <span class='ocrx_word' id='word_1_97' title='bbox 350 1730 414 1761; x_wconf 84' lang='lat' dir='ltr'>qua</span> <span class='ocrx_word' id='word_1_98' title='bbox 439 1730 540 1752; x_wconf 83' lang='lat' dir='ltr'>causa</span> <span class='ocrx_word' id='word_1_99' title='bbox 563 1719 660 1752; x_wconf 89' lang='lat' dir='ltr'>simul</span> <span class='ocrx_word' id='word_1_100' title='bbox 685 1729 810 1750; x_wconf 88' lang='lat' dir='ltr'>mecum</span> <span class='ocrx_word' id='word_1_101' title='bbox 836 1720 884 1751; x_wconf 89' lang='lat' dir='ltr'>ire</span> <span class='ocrx_word' id='word_1_102' title='bbox 907 1720 1058 1752; x_wconf 82' lang='lat' dir='ltr'>ueritust.</span> 
     </span>
     <span class='ocr_line' id='line_1_28' title="bbox 594 1787 794 1828; baseline 0 -9"><span class='ocrx_word' id='word_1_103' title='bbox 594 1787 621 1819; x_wconf 91' lang='lat' dir='ltr'>E</span> <span class='ocrx_word' id='word_1_104' title='bbox 633 1799 652 1828; x_wconf 91' lang='lat' dir='ltr'>p</span> <span class='ocrx_word' id='word_1_105' title='bbox 661 1788 671 1819; x_wconf 88' lang='lat' dir='ltr'>i</span> <span class='ocrx_word' id='word_1_106' title='bbox 680 1788 716 1819; x_wconf 84' lang='lat' dir='ltr'>di</span> <span class='ocrx_word' id='word_1_107' title='bbox 726 1798 742 1819; x_wconf 90' lang='lat' dir='ltr'>c</span> <span class='ocrx_word' id='word_1_108' title='bbox 750 1799 770 1819; x_wconf 91' lang='lat' dir='ltr'>u</span> <span class='ocrx_word' id='word_1_109' title='bbox 780 1799 794 1819; x_wconf 90' lang='lat' dir='ltr'>s</span> 
     </span>
     <span class='ocr_line' id='line_1_29' title="bbox 943 1840 1265 1879; baseline 0.006 -7"><span class='ocrx_word' id='word_1_110' title='bbox 943 1840 1106 1879; x_wconf 84' lang='lat' dir='ltr'>Quidnam</span> <span class='ocrx_word' id='word_1_111' title='bbox 1131 1842 1163 1874; x_wconf 82' lang='lat' dir='ltr'>id</span> <span class='ocrx_word' id='word_1_112' title='bbox 1188 1846 1238 1874; x_wconf 84' lang='lat' dir='ltr'>est</span> <span class='ocrx_word' id='word_1_113' title='bbox 1250 1843 1265 1874; x_wconf 72' lang='grc' dir='ltr'>ἶ)</span> 
     </span>
     <span class='ocr_line' id='line_1_30' title="bbox 594 1901 797 1942; baseline -0.005 -9"><span class='ocrx_word' id='word_1_114' title='bbox 594 1901 618 1933; x_wconf 93' lang='grc' dir='ltr'><strong>Τ</strong></span> <span class='ocrx_word' id='word_1_115' title='bbox 629 1901 649 1932; x_wconf 90' lang='lat' dir='ltr'>h</span> <span class='ocrx_word' id='word_1_116' title='bbox 659 1912 674 1933; x_wconf 85' lang='lat' dir='ltr'>e</span> <span class='ocrx_word' id='word_1_117' title='bbox 685 1913 699 1933; x_wconf 91' lang='lat' dir='ltr'>s</span> <span class='ocrx_word' id='word_1_118' title='bbox 708 1913 728 1942; x_wconf 92' lang='lat' dir='ltr'>p</span> <span class='ocrx_word' id='word_1_119' title='bbox 737 1902 797 1933; x_wconf 84' lang='lat' dir='ltr'>rio</span> 
     </span>
    </p>
   </div>
   <div class='ocr_carea' id='block_1_4' title="bbox 130 1954 843 1987">
    <p class='ocr_par' dir='ltr' id='par_1_4' title="bbox 130 1954 843 1987">
     <span class='ocr_line' id='line_1_31' title="bbox 130 1954 843 1987; baseline 0 -1"><span class='ocrx_word' id='word_1_120' title='bbox 130 1954 262 1986; x_wconf 84' lang='lat' dir='ltr'>Patrem</span> <span class='ocrx_word' id='word_1_121' title='bbox 286 1955 400 1986; x_wconf 83' lang='lat' dir='ltr'>uidere</span> <span class='ocrx_word' id='word_1_122' title='bbox 426 1965 460 1986; x_wconf 88' lang='lat' dir='ltr'>se</span> <span class='ocrx_word' id='word_1_123' title='bbox 484 1955 599 1987; x_wconf 84' lang='lat' dir='ltr'>neuolt</span> <span class='ocrx_word' id='word_1_124' title='bbox 625 1956 724 1987; x_wconf 85' lang='lat' dir='ltr'>etiam</span> <span class='ocrx_word' id='word_1_125' title='bbox 749 1965 843 1986; x_wconf 81' lang='lat' dir='ltr'>nunc.</span> 
     </span>
    </p>
   </div>
   <div class='ocr_carea' id='block_1_5' title="bbox 131 2072 1265 2148">
    <p class='ocr_par' dir='ltr' id='par_1_5' title="bbox 131 2072 1265 2148">
     <span class='ocr_line' id='line_1_32' title="bbox 201 2072 1265 2107; baseline 0.003 -9"><span class='ocrx_word' id='word_1_126' title='bbox 201 2072 233 2098; x_wconf 83' lang='lat'>34</span> <span class='ocrx_word' id='word_1_127' title='bbox 253 2075 335 2099; x_wconf 76' lang='lat' dir='ltr'>antea</span> <span class='ocrx_word' id='word_1_128' title='bbox 416 2074 449 2099; x_wconf 85' lang='lat'>37</span> <span class='ocrx_word' id='word_1_129' title='bbox 469 2073 555 2099; x_wconf 85' lang='lat' dir='ltr'>naerei</span> <span class='ocrx_word' id='word_1_130' title='bbox 633 2074 667 2100; x_wconf 82' lang='lat'>38</span> <span class='ocrx_word' id='word_1_131' title='bbox 686 2074 831 2100; x_wconf 78' lang='lat' dir='ltr'>serutariis</span> <span class='ocrx_word' id='word_1_132' title='bbox 912 2074 944 2100; x_wconf 84' lang='lat'>39</span> <span class='ocrx_word' id='word_1_133' title='bbox 964 2074 1112 2107; x_wconf 83' lang='lat' dir='ltr'>stipendiis</span> <span class='ocrx_word' id='word_1_134' title='bbox 1130 2075 1153 2101; x_wconf 85' lang='lat' dir='ltr'>is</span> <span class='ocrx_word' id='word_1_135' title='bbox 1230 2077 1265 2101; x_wconf 79' lang='lat'>40</span> 
     </span>
     <span class='ocr_line' id='line_1_33' title="bbox 131 2114 774 2148; baseline 0.003 -8"><span class='ocrx_word' id='word_1_136' title='bbox 131 2114 222 2148; x_wconf 82' lang='lat' dir='ltr'>Super</span> <span class='ocrx_word' id='word_1_137' title='bbox 241 2115 289 2141; x_wconf 83' lang='lat' dir='ltr'>sed</span> <span class='ocrx_word' id='word_1_138' title='bbox 361 2115 401 2142; x_wconf 86' lang='lat' dir='ltr'>ibi</span> <span class='ocrx_word' id='word_1_139' title='bbox 473 2117 506 2142; x_wconf 81' lang='lat'>43</span> <span class='ocrx_word' id='word_1_140' title='bbox 526 2124 618 2142; x_wconf 76' lang='lat' dir='ltr'>senem</span> <span class='ocrx_word' id='word_1_141' title='bbox 639 2125 694 2143; x_wconf 89' lang='lat' dir='ltr'>non</span> <span class='ocrx_word' id='word_1_142' title='bbox 715 2116 774 2142; x_wconf 83' lang='lat' dir='ltr'>uult</span> 
     </span>
    </p>
   </div>
   <div class='ocr_carea' id='block_1_6' title="bbox 1592 371 1596 883">
    <p class='ocr_par' dir='ltr' id='par_1_6' title="bbox 1592 371 1596 883">
     <span class='ocr_line' id='line_1_34' title="bbox 1592 371 1596 883; baseline 0 0"><span class='ocrx_word' id='word_1_143' title='bbox 1592 371 1596 883; x_wconf 95' lang='lat' dir='ltr'> </span> 
     </span>
    </p>
   </div>
   <div class='ocr_carea' id='block_1_7' title="bbox 1563 0 1596 2478">
    <p class='ocr_par' dir='ltr' id='par_1_7' title="bbox 1563 0 1596 2478">
     <span class='ocr_line' id='line_1_35' title="bbox 1563 0 1596 2478; baseline 0 0"><span class='ocrx_word' id='word_1_144' title='bbox 1563 0 1596 2478; x_wconf 95' lang='lat' dir='ltr'> </span> 
     </span>
    </p>
   </div>
  </div>
 </body>
</html>
