1596 2478
133 171 186 205 III,
205 174 230 205 4,
251 173 352 199 50-ϋὸ
627 174 771 207 Epidicus.
1216 175 1254 204 41

134 267 216 299 Nam
241 278 371 299 seruum
396 269 478 306 misi,
501 269 557 309 qui
581 268 673 300 illum
698 269 818 300 sectari
840 268 933 306 solet,
1207 275 1258 300 485

134 321 240 353 Meum
263 326 414 362 gnatum3
439 322 468 353 is
491 322 560 362 ipse
584 322 670 353 hanc
695 322 876 353 destinauit
899 322 1072 354 fidicinam.

638 389 757 421 Miles

134 444 200 481 Em,
223 444 299 475 istic
322 444 418 475 homo
441 449 474 475 te
497 443 697 475 articulatim
722 440 873 482 concidit,
899 455 1007 482 senex,

132 497 221 530 Tuus
245 508 367 530 seruos.

570 551 819 592 Periphanes

411 605 520 644 Quid?
544 605 706 637 concidit?

635 675 751 707 Miles

746 729 799 762 Sic
823 732 1015 771 suspiciost3

130 784 212 816 Nam
236 794 294 824 pro
320 784 451 815 fidicina
474 784 556 816 haec
579 794 679 815 cerua
702 784 874 824 subposita
898 788 946 816 est
969 785 1038 817 tibi.

131 837 244 874 Senex,
267 837 327 868 tibi
352 849 387 869 os
411 841 462 869 est
485 838 643 869 sublitum
666 838 764 879 plane
789 842 821 870 et
845 839 957 879 probe.
1205 847 1257 872 490

131 891 199 931 Ego
222 891 312 922 illam
338 893 500 932 requiram
526 893 601 930 iam,
624 891 681 923 ubi
705 892 761 924 ubi
786 897 844 924 est.

561 963 815 1004 Periphanes

899 1007 1054 1046 Bellator,
1079 1008 1162 1039 nale.

129 1059 228 1099 Euge,
252 1070 341 1099 euge,
366 1059 510 1100 Epidice,
534 1058 620 1099 frugi
642 1077 683 1082 ——
706 1061 754 1091 ita
778 1061 932 1100 pugnasti
957 1079 997 1082 —
1020 1061 1118 1093 homo
1142 1072 1186 1098 eS,

129 1113 191 1151 Qui
214 1124 265 1144 nie
289 1114 464 1145 emunxisti
489 1114 664 1152 mucidum,
688 1114 823 1145 minumi
849 1115 942 1154 preti.

129 1166 295 1199 Mercatus
318 1171 350 1199 te
374 1167 472 1198 hodie
497 1171 546 1199 est
570 1168 610 1199 de
634 1167 751 1199 lenone
775 1168 980 1209 Apoecides?

595 1239 788 1271 Fidicina

128 1292 241 1323 Fando
261 1303 320 1332 ego
339 1293 424 1323 istuc
441 1303 558 1324 nomen
577 1303 754 1334 numquam
773 1292 884 1324 audiui
901 1297 977 1325 ante
991 1293 1077 1325 hunc
1091 1295 1185 1333 diem,
1205 1304 1255 1328 495

128 1345 240 1386 Neque
266 1357 315 1377 me
339 1346 471 1387 quidem
496 1357 604 1378 emere
627 1347 803 1387 quisquam
826 1347 894 1379 ulla
918 1349 1057 1388 pecunia

119 1392 260 1439 'Potuit3
284 1400 356 1440 plus
380 1401 446 1432 iam
469 1411 540 1432 sum
564 1400 671 1432 libera
694 1402 962 1442 quinquennium.

565 1471 590 1502 P
597 1482 614 1503 e
622 1472 656 1503 ri
665 1483 685 1512 p
691 1471 713 1502 h
721 1482 740 1503 a
747 1482 768 1502 n
777 1482 793 1503 e
802 1483 816 1504 s

128 1523 213 1561 Quid
236 1524 296 1555 t-ibi
319 1525 465 1565 negotist
489 1536 580 1557 meae
604 1525 691 1557 domi
714 1526 836 1566 igitur?

591 1591 634 1622 Fi
642 1591 681 1622 di
689 1591 752 1623 cin
761 1601 780 1622 a

872 1647 994 1678 Audies
1003 1659 1009 1678 :

127 1695 299 1729 Conducta
320 1699 406 1736 ueni,
428 1702 466 1730 ut
488 1698 608 1731 fidibus
632 1704 799 1731 cantarem
823 1701 902 1739 seni,

126 1751 210 1783 Dum
233 1762 302 1783 rem
326 1752 472 1784 diuinam
495 1752 628 1785 faceret.

193 1853 245 1880 485
263 1853 340 1880 illum
359 1861 409 1881 om.
427 1853 456 1880 B
547 1855 598 1882 486
616 1855 640 1882 is
659 1863 710 1882 om.
729 1855 757 1882 B
850 1857 924 1882 hane
941 1856 1085 1883 fidicinam
1104 1857 1172 1883 emit
1189 1857 1251 1883 fidi-

125 1895 216 1922 cinam
235 1895 263 1922 Β
364 1898 415 1923 487
434 1897 504 1923 Hem
607 1898 786 1924 articulatum
805 1899 932 1925 concidis
950 1899 978 1925 A
1087 1901 1138 1926 488
1157 1899 1208 1932 Qui
1227 1899 1253 1925 A

125 1939 176 1964 489
194 1946 277 1964 cerua
295 1946 345 1965 om.
365 1939 392 1965 Β
449 1941 500 1966 490
518 1941 658 1967 sublatum
678 1941 705 1967 Β
758 1942 805 1968 491
827 1941 905 1968 PER.
926 1943 988 1975 Ego
1008 1942 1034 1968 B
1086 1944 1137 1969 492
1156 1943 1253 1976 Engae

125 1989 211 2014 eugae
230 1981 265 2014 A,
283 1981 364 2015 Euge
382 1982 456 2016 frugi
475 1983 501 2008 B
577 1984 650 2016 frugi
669 1993 698 2010 es
718 1985 850 2017 pugnasti
871 1985 955 2010 homo
974 1994 1003 2010 es
1074 1987 1125 2011 494
1143 1985 1250 2012 Merea-

126 2028 229 2050 tumest
248 2027 275 2050 te
294 2024 378 2051 hodie
398 2029 440 2051 est
460 2026 560 2052 lenone
576 2027 732 2060 Apoetides
746 2028 772 2053 A
826 2028 876 2052 495
896 2027 1067 2060 FandumA,
1086 2028 1253 2054 EandumB

193 2067 286 2093 istunc
304 2067 445 2094 hominem
517 2070 568 2095 496
587 2078 631 2095 me
651 2070 779 2103 equidem
799 2069 825 2094 A
901 2071 951 2096 498
969 2071 1076 2104 negotii
1097 2074 1138 2097 est
1157 2071 1184 2096 B

125 2108 210 2136 Adies
228 2109 254 2135 Β
324 2111 375 2136 499
393 2114 506 2137 eantare
525 2110 552 2137 Β
