1596 2478
264 164 303 193 38
789 160 878 186 Plauti
1189 159 1242 193 ΙΙΙ,
1259 161 1283 192 4,
1301 160 1384 185 6-21

761 253 884 285 Miles

264 311 394 343 Uirtute
418 309 494 341 belli
517 312 654 340 ornatus
677 308 852 348 promerui,
876 311 913 338 ut
936 307 1013 339 mihi

264 365 377 397 Omnis
402 362 549 395 mortalis
573 372 670 401 agere
694 360 810 392 deceat
833 361 966 401 gratias.

700 419 951 460 Periphanes

265 477 336 508 Non
361 475 546 517 repperisti,
570 474 773 512 adulescens,
795 473 1011 515 tranquillum
1035 474 1152 512 locum,

267 531 328 563 Ubi
352 534 427 562 tuas
450 530 592 560 uirtutes
616 527 769 568 explices,
793 530 830 558 ut
852 527 1017 568 postulas3
1339 539 1390 563 440

265 584 348 616 Nam
371 582 547 615 strenuiori
571 581 715 613 deterior
739 581 767 613 si
791 581 962 621 praedicat

265 640 348 670 Suas
372 647 505 678 pugnas,
531 646 608 677 prae
632 635 728 666 huius
753 634 829 666 illae
854 635 936 666 fiunt
961 635 1121 667 sordidae.

266 691 328 724 Sed
352 691 460 729 istum,
485 700 582 731 quem
606 688 748 730 quaeris,
772 688 986 729 Periphanem
1013 688 1232 727 Plothenium,

268 746 337 786 Ego
361 755 441 783 sum,
464 745 492 776 si
515 743 593 784 quid
617 743 678 774 uis.

773 795 888 827 Miles

719 849 842 890 Nempe
866 861 962 891 quem
986 851 1017 881 in
1043 850 1268 883 adulescentia

267 907 450 938 Memorant
474 904 561 946 apud
587 914 679 944 reges
703 903 814 941 armis,
837 907 909 935 arte
933 903 1086 942 duellica,
1341 915 1392 940 445

267 961 410 992 Diuitias
434 970 570 1000 magnas
593 958 788 998 indeptum?

703 1011 954 1051 Periphanes

830 1065 932 1097 Immo
957 1066 983 1097 si
1008 1066 1124 1098 audias

270 1122 362 1154 Meas
386 1131 522 1162 pugnas,
546 1121 652 1161 fugias
676 1119 827 1152 manibus
851 1119 994 1151 dimissis
1018 1119 1158 1152 domum.

770 1173 886 1205 Miles

269 1229 326 1260 Pol
350 1239 409 1269 ego
435 1229 538 1269 magis
562 1239 659 1260 unum
685 1238 817 1269 quaero,
843 1237 931 1258 meas
955 1228 1033 1268 quoi
1058 1229 1253 1268 praedicem,

268 1282 373 1320 Quam
398 1283 499 1322 illum,
523 1283 579 1323 qui
605 1286 761 1314 memoret
785 1291 862 1313 suas
888 1281 975 1312 mihi.

701 1344 955 1385 Periphanes

1020 1398 1080 1429 Hic
1103 1409 1166 1430 non
1191 1402 1241 1431 est
1264 1399 1362 1431 locus.

269 1453 366 1485 Proin
390 1457 425 1485 tu
449 1454 547 1485 alium
573 1463 721 1494 quaeras,
746 1453 822 1492 quoi
847 1456 1002 1484 centones
1026 1453 1158 1484 sarcias.
1342 1462 1394 1487 450

270 1525 307 1529 —
333 1508 440 1548 Atque
463 1508 546 1539 haec
569 1507 753 1544 stultitiast,
780 1517 828 1538 me
853 1506 899 1538 illi
924 1507 1005 1538 uitio
1029 1510 1171 1545 uortere,

269 1561 406 1601 Egomet
429 1561 516 1602 quod
540 1561 690 1592 factitaui
715 1561 746 1592 in
771 1561 1006 1598 adulescentia,

269 1617 371 1654 Quom
397 1615 595 1653 militabam3
620 1615 737 1656 pugnis
762 1614 981 1646 memorandis
1005 1614 1086 1646 meis

270 1670 488 1703 Eradicabam
513 1669 679 1701 hominum
704 1669 804 1707 auris,
828 1668 958 1709 quando
982 1679 1182 1708 occeperam.
1208 1686 1247 1691 —

772 1731 889 1762 Miles

270 1787 420 1818 Animum
444 1785 595 1822 aduerte.
621 1790 667 1822 ut,
691 1785 776 1825 quod
802 1795 861 1825 ego
884 1785 924 1816 ad
949 1788 981 1816 te
1005 1785 1111 1823 uenio,
1135 1784 1318 1825 intellegas.
1345 1794 1396 1819 455

271 1841 375 1872 Meam
399 1840 537 1871 amicam
562 1839 674 1871 audiui
700 1843 732 1870 te
756 1850 827 1870 esse
852 1842 1042 1870 mercatum.

1539 1439 1552 1550 ,οὲ-

338 1969 389 1993 437
408 1971 530 1993 armatus
610 1968 661 1993 438
680 1966 779 1992 deceat
799 1974 880 1998 agorn·
900 1965 998 1991 deceat
1077 1967 1128 1991 442
1147 1966 1180 1991 de
1200 1965 1275 1991 illius
1346 1966 1395 1991 ⁴43

270 2009 442 2043 periphoueu
463 2009 625 2042 platmnium
723 2011 774 2035 445
793 2008 965 2041 indemptum
1065 2009 1116 2034 447
1135 2008 1264 2034 demissis
1283 2007 1394 2034 demum

269 2054 320 2078 450
338 2052 408 2084 Quin
427 2052 453 2078 B
528 2053 624 2078 furciae
703 2053 820 2077 451—54
839 2051 965 2083 leymilur
981 2054 1046 2083 post
1062 2051 1117 2077 429
1203 2051 1249 2076 451
1271 2050 1393 2075 stultiam

269 2097 319 2121 455
338 2094 457 2120 aduenio
478 2094 503 2120 A
