1596 2478
119 181 167 214 ΙΙΙ,
186 183 212 214 4,
231 179 345 212 77—1V,
368 182 388 212 l,
408 180 424 205 5
614 177 756 211 Epidicus.
1203 174 1244 202 43

551 271 804 312 Periphanes

523 326 637 367 Neque
660 325 742 357 fides
765 334 871 364 neque
895 323 1006 354 tibias.

121 383 266 423 Propera
289 383 332 413 sis
356 382 467 421 fugere
494 381 577 419 hino,
601 381 628 411 si
653 383 685 410 te
710 379 741 410 di
766 381 888 410 amant.

588 433 779 464 Fidicina

936 473 1066 504 Abiero.

121 532 262 572 Flagitio
287 542 360 564 cum
385 532 507 563 maiore
532 532 607 571 post
630 528 748 560 reddes
772 531 890 559 tamen.
1198 533 1250 558 515

557 582 808 623 Periphanes

123 639 207 677 Quid
231 641 338 671 nunc?
363 639 418 680 qui
442 639 474 670 in
498 638 601 670 tantis
625 637 754 677 positus
779 646 850 667 sum
875 635 1057 672 sententiis,

121 693 259 734 [Eumne
284 704 344 733 ego
369 693 472 724 sinam
497 692 640 732 inpune?
687 690 800 727 Immo,
825 690 923 721 etiam
949 689 975 720 si
1000 689 1141 720 alterum

120 747 261 778 Tantum
286 746 488 787 perdundum
513 749 570 784 est,
595 744 730 786 perdam
756 744 876 784 potius,
902 753 999 782 quam
1024 743 1128 774 sinam

121 801 172 833 Me
194 802 317 842 inpune
340 801 472 832 irrisum
495 809 568 830 esse
593 799 750 837 habitum,
775 796 1018 838 depeculatum]

122 855 160 886 Ei
184 856 231 887 sic
254 855 332 887 data
356 865 424 886 esse
448 853 550 885 uerba
573 854 737 893 praesenti
763 851 886 894 palam!
1199 857 1250 883 520

123 907 228 948 Atque
253 918 302 938 me
327 909 460 940 minoris
485 908 570 938 facio
595 915 672 944 prae
697 904 763 940 illo,
787 906 842 945 qui
867 905 1011 936 omnium

123 961 243 1000 Legum
268 965 369 1001 atque
393 961 500 991 iurum
525 959 629 998 fictor,
653 959 804 990 conditor
828 959 925 990 cluet.

122 1015 153 1046 Is
176 1015 276 1046 etiam
300 1025 372 1047 sese
397 1024 512 1055 sapere
536 1014 711 1045 memorat!
758 1013 913 1044 Malleum

122 1069 361 1110 Sapientiorem
385 1068 454 1100 uidi
478 1078 615 1100 excusso
639 1067 821 1099 manubrio.

164 1225 387 1258 PHJLIPPA
424 1224 623 1258 MULIER.
695 1223 1005 1256 PERIPIIANES
1039 1221 1211 1254 SENEX.

587 1311 779 1352 Philippa

124 1365 157 1397 Si
181 1366 259 1406 quid
283 1369 333 1397 est
356 1366 479 1397 homini
504 1366 724 1403 miseriarum,
754 1365 841 1405 quod
871 1365 1063 1395 miserescat
1093 1363 1189 1394 miser
1213 1372 1273 1392 ex·

841 1419 963 1455 animo,
1202 1425 1252 1450 525

208 1474 244 1505 Id
268 1484 328 1514 ego
353 1474 513 1514 experior,
537 1474 614 1515 quoi
637 1473 742 1504 multa
766 1473 800 1504 iu
823 1483 923 1504 unum
947 1472 1053 1504 locum

211 1528 398 1566 Confluunt,
423 1539 506 1569 quae
530 1538 635 1559 meum
660 1531 773 1568 peetus
798 1527 930 1567 pulsant
952 1525 1056 1557 simul.

210 1582 380 1622 Multiplex
403 1593 564 1613 aerumna
587 1582 764 1613 exercitam
787 1581 858 1612 med
879 1580 997 1619 habet3

208 1636 400 1676 Paupertas,
426 1647 529 1677 pauor
552 1636 686 1667 territat
709 1639 849 1666 mentem
874 1635 990 1673 animi3

124 1690 253 1731 Neque,
283 1691 340 1722 ubi
365 1701 455 1722 meas
479 1701 555 1731 spes
579 1690 763 1728 conlocem,
791 1689 897 1720 habeo
926 1699 1066 1729 usquam
1090 1688 1251 1719 munitum

843 1744 968 1782 locum3
1203 1749 1254 1774 530

123 1798 206 1838 †1ta
218 1802 319 1839 gnata
331 1808 404 1831 mea
415 1798 596 1831 hostiumst
609 1799 724 1839 potita,
745 1808 860 1838 neque,
879 1808 918 1828 ea
936 1807 1023 1828 nunc
1035 1796 1092 1828 ubi
1104 1796 1154 1834 sit⁷
1174 1796 1251 1827 scio.

195 1911 245 1936 514
266 1909 390 1943 Propera
408 1909 496 1942 igitur
511 1908 538 1934 Β
591 1909 643 1935 tesi
658 1908 684 1934 A
737 1908 788 1934 516
806 1908 858 1941 Qui
877 1916 951 1934 nunc
970 1908 1037 1940 quin
1056 1906 1254 1940 tantispositus

125 1953 178 1978 seis
198 1953 351 1978 sententeis
370 1952 397 1978 A
474 1952 594 1978 517—19
613 1952 712 1978 abs-unt
730 1952 765 1978 ab
784 1951 817 1977 A.
893 1952 944 1976 520
962 1950 1009 1976 Eis
1029 1950 1055 1976 B
1129 1950 1177 1976 521
1198 1957 1253 1974 me-

124 1995 238 2022 mineris
258 1995 284 2021 Β
356 1994 503 2021 faciofacio
523 1995 548 2020 A
615 2004 666 2028 pro
686 1994 713 2020 B
781 1995 832 2019 522
850 1994 940 2019 uirum
960 1993 986 2018 A
1061 1993 1210 2020 condietur
1227 1991 1254 2017 A

125 2039 175 2064 524
193 2038 398 2071 §amentiorem
419 2056 546 2064 ........
566 2038 704 2063 manibrio
723 2037 758 2063 B.
784 2037 853 2062 Tum
874 2038 905 2062 in
923 2035 950 2062 Β
973 2036 1071 2062 titulus
1095 2043 1180 2062 scente
1204 2042 1253 2061 om.

125 2081 175 2107 525
193 2082 285 2107 animo
305 2083 331 2106 st
426 2081 476 2106 528
495 2088 638 2106 erumnam
737 2080 798 2105 med
818 2087 868 2106 om.
970 2079 1020 2104 530
1038 2078 1172 2104 collocem
1191 2086 1254 2111 spes

125 2124 172 2150 531
193 2123 229 2150 sit
248 2123 340 2150 nescio
