1596 2478
309 171 350 203 32
826 170 919 197 Plauti
1235 172 1286 206 m,
1306 175 1330 205 2,
1348 174 1431 201 7—21

310 265 353 297 Ut
376 266 537 306 inportem
567 265 598 296 in
628 265 788 297 coloniam
817 265 904 297 hunc
932 275 998 298 meo
1021 266 1170 307 auspicio
1195 268 1431 300 commeatum‘>

309 319 388 350 Mihi
401 329 505 356 cesso,
518 328 615 358 quom
629 321 690 351 sto.
727 318 789 350 Sed
803 319 882 361 quid
896 319 981 352 hoc?
1005 323 1082 351 ante
1100 320 1190 353 aedis
1203 321 1285 354 duos
1298 321 1431 360 sodalis,

310 373 409 404 Erum
433 376 466 403 et
489 371 721 405 Chaeribulum
745 373 927 415 conspicor.
975 372 1057 410 Quid
1083 374 1135 405 hic
1158 375 1277 415 agitis?
1314 375 1432 417 Accipe

1024 427 1086 460 hoc
1109 429 1162 460 sis.
1382 439 1433 465 845

717 481 1027 522 Stratippocles

311 535 476 572 Quantum
501 535 553 567 hic
576 535 683 568 inest?

773 589 973 630 Epidicus

675 642 839 681 Quantum
865 647 918 675 sat
941 647 993 675 eet
1016 648 1050 676 et
1073 643 1144 684 plus
1168 645 1264 684 satis3
1287 645 1432 686 superfit.

309 697 428 729 Decem
453 697 548 728 minis
573 697 644 738 plus
669 697 783 735 adtuli,
808 708 906 739 quam
931 701 967 729 tu
991 697 1140 730 danistae
1164 698 1273 731 debes.

310 751 394 782 Dum
418 751 477 782 tibi
502 762 560 792 ego
586 751 733 793 placeam
751 757 850 792 atque
869 751 1040 794 obsequar,
1065 763 1171 784 meum
1192 758 1319 793 tergum
1337 752 1433 786 flocci

1024 806 1118 838 facio.

724 859 1024 900 Stratippocles

309 913 393 945 Nam
418 913 497 955 quid
520 914 588 946 ita?

772 967 968 1009 Epidicus

635 1021 719 1059 Quia
741 1025 833 1054 tuum
858 1026 982 1063 patrem
1007 1022 1126 1054 faciam
1151 1023 1398 1063 parenticidam.

720 1074 1021 1117 Stratippocles

309 1129 393 1168 Quid
417 1131 501 1162 istuc
525 1133 577 1161 est
599 1130 713 1162 uerbi?

770 1185 971 1225 Epidicus

659 1238 746 1269 Nihil
771 1249 879 1271 moror
902 1242 1017 1270 uetera
1039 1242 1072 1270 et
1095 1238 1228 1279 uolgata
1252 1239 1364 1271 uerba.
1383 1248 1435 1274 350

311 1291 394 1324 Pera
417 1296 453 1324 tu
478 1292 640 1328 ductares,
665 1296 699 1324 at
723 1303 782 1334 ego
806 1292 945 1324 follitum
969 1292 1148 1324 ductitabo.

310 1345 390 1377 Nam
415 1346 490 1379 leno
511 1357 604 1379 omne
622 1351 794 1387 argentum
813 1347 952 1378 abstulit
971 1356 1029 1387 pro
1047 1346 1196 1386 fidicina3
1221 1356 1279 1386 ego
1297 1347 1433 1386 resolui;

312 1399 478 1441 [Manibus
508 1401 558 1433 his
587 1401 806 1439 dfflumeraui,
843 1404 938 1442 pater
971 1411 1064 1432 suam
1093 1404 1205 1432 natam
1235 1411 1331 1442 quam
1363 1411 1433 1433 esse

1025 1453 1188 1495 credidit]

311 1508 404 1540 Nunc
427 1510 545 1540 iterum
569 1512 605 1540 ut
628 1508 764 1541 fallatur
788 1512 881 1550 pater
909 1508 1035 1549 tibique
1065 1508 1220 1540 auxilium
1245 1508 1432 1549 adparetur,

312 1562 438 1602 Inueni3
462 1573 537 1594 nam
560 1563 608 1594 ita
631 1564 719 1596 suasi
743 1564 812 1595 seni
831 1567 932 1604 atque
949 1563 1034 1594 hanc
1053 1562 1154 1594 habui
1172 1563 1364 1600 orationem,
1384 1570 1434 1596 365

312 1659 363 1698 Ut,
387 1670 484 1701 quom
508 1659 661 1699 redisses,
685 1670 724 1692 ne
747 1660 808 1692 tibi
833 1661 903 1692 eius
926 1660 1022 1700 copia
1045 1663 1141 1691 esset.

719 1713 1024 1755 Stratippocles

1173 1766 1280 1806 Euge!

773 1821 972 1863 Epidicus

310 1875 358 1907 Ea
381 1876 445 1907 iam
471 1876 591 1908 domist
614 1886 671 1918 pro
696 1875 772 1908 filia.

379 1989 429 2015 343
449 1990 521 2016 huno
540 1989 620 2016 Hunc
640 1989 766 2022 auspicio
786 1991 972 2015 commeatum
1025 1988 1075 2014 346
1095 1995 1179 2020 nuper
1198 1987 1234 2013 eit
1285 1988 1333 2014 851
1354 1995 1434 2021 pera-

312 2035 370 2059 tum
390 2033 505 2059 ductare
635 2033 685 2058 855
702 2031 842 2058 inueniam
862 2031 1030 2058 antecedenti
1046 2039 1132 2063 ver-eu,
1157 2030 1201 2056 lta
1218 2033 1276 2057 cete.
1293 2029 1434 2063 proximo,-

312 2076 418 2102 lacunae
435 2076 540 2102 nullum
558 2075 692 2102 indicium
709 2078 755 2102 eet.
834 2074 884 2100 35ss
907 2073 986 2107 Euge
1003 2073 1130 2107 proximo
1148 2080 1235 2099 von-eu.
1315 2073 1365 2098 35⁷
1383 2080 1433 2106 pro

314 2118 366 2145 ina.
387 2117 438 2144 ST.
456 2117 549 2144 Teneo
568 2117 621 2144 ΕΡ,
642 2117 722 2144 Nune
743 2118 884 2143 auctorem
