1596 2478
302 157 342 187 50
814 153 906 180 Plauti
1215 154 1264 187 IV,
1283 156 1306 186 2,
1328 155 1427 182 17-—28

738 247 761 278 Ρ
770 257 786 279 e
795 258 810 278 r
820 248 828 278 i
838 259 857 288 p
867 247 886 278 h
894 258 912 278 a
921 259 940 279 n
947 259 964 280 e
973 258 988 279 s

301 300 366 333 Cur
391 312 439 333 me
464 302 564 342 igitur
587 304 713 341 patrem
739 300 882 332 uocabas
891 301 906 332 ⁶?

721 377 1003 418 Acropolistis

758 430 828 462 Tua
850 432 955 462 istaec
978 431 1077 471 culpa
1099 435 1160 468 est,
1184 440 1249 462 non
1273 441 1354 462 mea.
1375 440 1425 466 535

300 485 372 516 Non
391 489 518 526 patrem
537 494 596 525 ego
613 488 645 516 te
664 485 837 521 nominem,
861 484 916 516 ubi
930 488 966 516 tu
979 487 1069 516 tuam
1083 495 1133 516 me
1147 484 1292 526 appelles
1304 485 1424 516 filiam?

300 538 393 570 Hanc
417 548 546 579 quoque
569 539 678 577 etiam,
703 539 729 570 si
753 548 803 569 me
828 537 972 579 appellet
996 538 1105 576 filiam,
1135 542 1271 570 matrem
1294 548 1425 578 uocem;

300 592 409 633 Negat
421 592 510 631 haec,
519 592 618 624 filiam
633 603 683 623 me
697 602 789 624 suani
802 602 887 630 esse·‚
902 602 964 623 non
980 602 1056 632 ergo
1070 592 1151 624 haec
1165 596 1270 624 mater
1282 602 1354 623 mea
1366 595 1425 623 est.

300 646 469 678 Postremo
493 646 575 678 haec
598 657 670 678 mea
694 646 790 687 culpa
813 656 875 677 non
895 649 960 685 est3
985 656 1068 687 quae
1088 645 1196 684 didici,
1221 645 1287 677 dixi
1306 646 1425 677 omnia.

300 700 458 742 Epidicus
482 700 559 731 mihi
585 700 646 732 fuit
671 700 836 740 magister.

735 776 757 806 P
766 787 782 807 e
790 777 822 807 ri
832 787 851 816 p
861 776 881 807 h
889 786 908 807 a
916 787 934 807 n
945 786 962 807 e
972 786 986 807 s

884 830 978 868 Perii,
1004 829 1185 870 plaustrum
1210 829 1355 870 perculit.
1375 837 1427 863 590

722 906 998 947 Acropolistis

299 961 385 993 Num
409 961 488 1002 quid
513 970 572 1000 ego
596 960 650 999 ibi,
675 963 779 1001 pater,
803 960 962 1000 peccaui?

732 1036 988 1077 Periphanes

840 1089 872 1121 Si
897 1090 1006 1122 hercle
1030 1094 1062 1122 te
1086 1100 1241 1130 umquam
1267 1089 1425 1122 audiuero

299 1145 352 1177 Me
376 1148 505 1186 patrem
529 1154 660 1181 uocare,
683 1145 786 1176 uitam
812 1148 901 1175 tuam
926 1154 985 1184 ego
1009 1145 1202 1176 interimam.

726 1220 1008 1262 Acropolistis

1237 1262 1310 1295 Non
1334 1272 1426 1295 uoco.

303 1317 366 1350 Ubi
390 1317 481 1350 uoles
506 1320 600 1358 pater
624 1327 706 1355 esse,
735 1317 780 1348 ibi
806 1321 892 1355 esto3
928 1316 984 1348 ubi
1008 1317 1111 1356 noles,
1135 1327 1174 1348 ne
1199 1317 1301 1350 fueris
1325 1322 1427 1358 pater.

765 1376 959 1417 Philippa

304 1431 411 1470 Quid?
436 1431 477 1463 ob
491 1441 564 1463 eam
576 1440 645 1462 rem
663 1430 749 1462 hanc
767 1431 883 1468 emisti,
904 1431 983 1471 quia
1001 1434 1092 1462 tuam
1111 1435 1244 1471 gnatam
1263 1441 1297 1464 es
1315 1429 1430 1462 ratus?

305 1485 430 1524 Quibus
455 1485 494 1516 de
519 1485 619 1524 signis
643 1484 868 1524 agnoscebas?

737 1543 991 1584 Periphanes

913 1597 1027 1629 Nullis.

768 1673 964 1714 Philippa

307 1769 481 1803 credidisti
506 1771 678 1802 nostram?
1077 1727 1185 1766 Quare
1208 1727 1309 1759 ullam
1381 1735 1432 1762 595

746 1828 994 1870 Periphanes

730 1880 848 1915 Seruos
872 1882 1029 1923 Epidicus
1054 1883 1137 1915 dixit
1160 1882 1250 1915 mihi.

378 2002 496 2028 589—92
513 2001 602 2028 tribus
618 2001 742 2028 versibus
759 2000 787 2027 Β
848 2001 898 2026 590
916 2000 1053 2033 Magister
1070 1999 1123 2026 fuit
1181 2004 1308 2027 austrum
1327 2000 1434 2035 perculi

309 2044 356 2070 591
377 2048 456 2078 pater
474 2045 587 2078 peccaui
606 2052 655 2071 om.
675 2043 702 2070 B
769 2042 905 2069 audiuero
925 2050 975 2069 οηι.
995 2043 1022 2069 Β
1083 2044 1134 2070 598
1151 2051 1212 2070 esse
1230 2047 1311 2078 pater
1329 2047 1389 2070 esto
1407 2043 1434 2070 Δ.

310 2088 360 2113 594
379 2095 407 2113 es
427 2095 475 2113 om.
495 2086 522 2112 Β
591 2087 710 2113 595-97
729 2093 780 2113 om.
802 2085 828 2111 A
