1596 2478
304 164 344 193 58
812 160 905 187 Plauti
1239 161 1269 194 V,
1287 163 1310 194 2,
1331 162 1430 189 17—26

304 253 372 286 Nec
396 255 455 286 tibi
479 254 636 295 supplico
684 253 812 286 Uincire
836 255 904 294 uis;
927 265 988 292 em,
1014 255 1152 287 ostendo
1179 265 1302 287 manus.

304 308 351 340 Tu
387 308 488 340 habes
523 308 609 346 lora3
643 317 702 348 ego
730 311 763 340 te
794 318 902 340 emere
932 308 1010 340 uidi.
1068 308 1152 346 Quid
1182 319 1268 341 nunc
1297 309 1429 342 cessas?

1023 361 1169 402 Conliga.

736 419 992 462 Periphanes

305 473 413 513 Ilicet3
437 474 660 506 uadimonium
682 473 770 506 ultro
794 474 873 506 mihi
897 475 949 506 hic
972 474 1060 506 facit.

768 550 794 582 E
802 561 823 591 p
833 550 842 582 i
853 550 872 582 d
881 551 891 582 i
899 561 916 582 c
924 562 943 582 u
952 561 966 583 s

1157 604 1240 642 Quin
1264 604 1430 645 conligas?

751 665 775 693 A
784 673 803 703 p
814 674 832 694 o
843 674 859 694 e
868 663 902 694 ci
913 663 932 694 d
942 673 957 694 e
965 674 980 695 s

306 716 433 758 Edepol
457 717 655 757 mancipium
679 716 866 748 scelestum!

769 786 967 827 Epidicus

911 840 956 872 Te
984 840 1141 882 profecto,
1166 841 1358 882 Apoecides,

305 894 395 926 Nihil
419 904 530 926 moror
554 894 631 926 mihi
657 894 834 935 deprecari.

757 965 974 1008 Apoecides

870 1019 979 1050 Facile
1004 1029 1130 1056 exoras,
1154 1019 1295 1060 Epidice.
1380 1028 1430 1054 685

770 1089 961 1130 Epidicus

304 1143 432 1183 Ecquid
455 1143 545 1184 agis?

742 1202 992 1243 Periphanes

479 1257 571 1288 Tuon
595 1256 780 1288 arbitratu?

772 1327 966 1368 Epidicus

783 1381 856 1412 Meo
880 1381 989 1412 hercle
1014 1390 1103 1418 uero,
1129 1384 1225 1421 atque
1249 1381 1337 1413 haud
1360 1386 1428 1419 tuo,

305 1434 524 1475 Conligandae
547 1435 629 1466 haec
652 1438 727 1466 sunt
752 1435 813 1466 tibi
837 1434 944 1466 hodie.

741 1505 993 1546 Periphanes

918 1559 960 1590 At
984 1569 1048 1590 non
1071 1558 1179 1597 lubet;
1203 1569 1267 1590 non
1291 1559 1428 1598 conligo.

750 1629 980 1670 Apoecides

304 1683 475 1724 Tragulam
496 1684 527 1714 in
546 1687 578 1714 te
598 1683 718 1715 inicere
737 1682 891 1721 adoruat;
917 1683 1027 1714 nescio
1047 1693 1144 1724 quam
1163 1682 1320 1715 fabricam
1338 1683 1427 1715 facit.

766 1758 964 1800 Epidicus

303 1813 377 1844 Tibi
400 1823 525 1844 moram
549 1812 645 1852 facis,
670 1822 767 1854 quom
792 1822 851 1852 ego
879 1813 1006 1844 solutus
1030 1812 1135 1844 adsto.
1178 1813 1260 1853 Age,
1283 1813 1426 1854 inquam.

1023 1865 1161 1907 conliga.

371 1968 419 1994 681
440 1967 552 1994 uincere
617 1967 668 1993 983
688 1966 764 1993 facis.
786 1966 954 1992 APOECID.
973 1965 1044 1999 Quid
1063 1966 1089 1994 B
1159 1967 1264 2000 coligas
1283 1966 1309 1993 A
1378 1968 1428 1994 684

304 2009 377 2036 PER
429 2010 579 2043 macipium
599 2009 625 2035 Β
677 2011 728 2036 685
747 2009 842 2043 deprae
862 2009 962 2035 sacilex
983 2017 1045 2036 oras
1102 2009 1153 2036 686
1172 2017 1273 2036 uero..
1287 2009 1375 2035 ..hau
1393 2009 1429 2038 A„

303 2052 389 2079 uerbo
409 2055 492 2086 atque
511 2052 564 2078 aud
583 2052 609 2078 13
718 2053 768 2078 687
787 2051 839 2077 hae
859 2052 883 2078 Δ
994 2051 1124 2085 δεραίων
1140 2051 1169 2078 in
1190 2050 1217 2078 Β
1235 2052 1287 2078 690
1304 2059 1354 2078 suo
1372 2052 1429 2078 loco

303 2094 420 2121 rediens.
483 2096 534 2120 (388
552 2094 675 2128 Tragula
728 2094 795 2120 fecit
814 2093 840 2120 B
894 2095 943 2119 689
963 2095 1072 2121 solutus
1092 2097 1154 2120 asto
1174 2094 1252 2127 alege
1270 2093 1382 2127 inquam
1401 2092 1429 2120 Β
