1596 2478
142 210 177 238 II.
195 210 219 241 6,
238 209 339 235 38——45
647 206 752 232 Casina.
1219 207 1254 235 31

614 299 789 339 Olympio

142 357 220 390 Mihi
244 360 279 388 ut
302 357 418 388 sortito
443 356 635 387 eueniat...

604 430 794 468 Chalinus

593 485 637 518 Ut
660 485 791 526 quidem
815 485 923 517 hercle
947 484 1085 526 pedibus
1110 482 1259 524 pendeas.

611 573 790 615 Olympio

142 632 185 662 At
207 635 240 662 tu
264 634 300 662 ut
323 629 431 661 oculos
454 639 629 670 emungare
654 639 691 659 ex
716 628 823 668 capite
847 638 905 668 per
929 637 1043 658 nasum
1069 630 1151 657 tuos.
1211 634 1262 659 370

143 684 226 722 Quid
250 684 366 716 times?
391 687 541 724 paratum
565 686 695 724 oportet
719 692 789 713 esse
814 682 877 712 iam
901 681 1054 722 laqueum
1079 680 1148 711 tibi.

144 739 283 770 Periisti.

583 802 817 842 Lysidamus

301 859 450 890 Animum
475 857 642 889 aduortite
666 856 771 888 ambo.

614 933 723 974 Olym
732 934 795 974 pio

771 987 889 1019 Taceo.

586 1066 676 1106 Lysi
685 1065 768 1096 dam
777 1077 796 1096 u
805 1076 819 1096 s

882 1119 975 1150 Nunc
998 1121 1042 1154 tu,
1067 1116 1266 1152 Cleostrata.

146 1175 193 1207 Ne
217 1186 236 1206 a
259 1186 309 1206 me
335 1185 490 1206 memores
509 1174 670 1206 malitiose
690 1174 728 1205 de
748 1173 808 1204 hac
831 1184 865 1204 re
890 1173 1010 1204 factum
1035 1175 1093 1203 aut
1111 1172 1266 1212 suspices,

147 1229 219 1261 Tibi
243 1230 412 1270 permitt03
437 1232 505 1260 tute
530 1229 619 1260 sorti.

614 1304 794 1346 Olympio

662 1359 777 1391 Perdis
802 1370 860 1391 me.

607 1436 801 1468 Chalinus

911 1490 1049 1521 Lucrum
1073 1489 1161 1520 facit.

592 1567 824 1600 Cleostrata

151 1624 236 1655 Beue
260 1623 350 1655 facis.

610 1693 803 1725 Chalinus

345 1749 430 1780 Deos
454 1759 586 1789 quaeso,
610 1752 646 1779 ut
670 1753 728 1780 tua
750 1759 819 1779 sors
844 1758 882 1778 ex
908 1748 1018 1779 sitella
1041 1747 1200 1788 effugerit.
1220 1755 1271 1781 375

620 1825 664 1856 Ol
698 1836 728 1856 m
764 1826 801 1857 io

149 1879 211 1910 Ain
235 1880 292 1910 tu?
315 1880 392 1920 quia
415 1884 484 1912 tute
508 1890 541 1911 es
565 1836 859 1920 f11giti1ios,pomnis
884 1883 916 1910 te
939 1880 1061 1911 imitari
1087 1879 1203 1920 cupis?

235 2026 285 2050 369
303 2024 357 2050 OL.
376 2033 425 2051 om.
496 2025 607 2050 sorticio
627 2026 737 2050 eueniat
756 2029 786 2051 ut
851 2026 903 2051 370
922 2025 949 2051 C.
971 2027 1006 2050 At
1026 2024 1052 2050 Β
1115 2024 1225 2049 occulos
1246 2023 1272 2049 J}

238 2076 378 2099 euungare
397 2067 426 2093 E
510 2069 560 2093 372
583 2067 652 2093 SEN
668 2068 815 2100 praefiyzmt
834 2066 879 2094 ΙΕ
897 2069 989 2094 ceteris
1005 2075 1184 2101 personarum
1203 2069 1275 2093 notis

153 2110 260 2136 omissis
340 2111 435 2136 Perisu
456 2110 513 2136 ΒΕ
590 2111 688 2136 amabo
767 2112 816 2136 373
835 2112 976 2143 suscipere
997 2110 1043 2136 ΙΕ
1127 2112 1176 2136 374
1196 2110 1272 2135 CAL.

153 2152 248 2179 Perdis
268 2162 311 2178 me
322 2172 327 2177 .
339 2154 385 2179 OL
399 2172 403 2176 .
415 2152 460 2179 IE
528 2154 578 2179 376
598 2156 669 2179 tutes
690 2154 707 2179 Ι
