1596 2478
146 184 190 218 IV,
209 186 234 216 3.
251 184 358 215 33—44‘,
623 183 801 210 Mostellaria.
1211 187 1268 215 143

653 277 757 309 Simo

144 333 189 364 Te
215 332 299 364 uelle
319 342 455 362 uxorem
479 330 591 362 aiebat
615 334 671 362 tuo
696 337 795 370 gnato
820 331 908 363 dare.

145 387 222 418 Ideo
247 385 422 417 aedificare
445 384 498 415 hic
521 383 607 416 uelle
631 384 742 416 aiebat
766 386 797 416 iu
823 386 897 416 tuis.

555 455 863 496 Theopropides

146 511 205 543 Hic
230 510 403 542 aedificare
427 509 541 540 uolui?

653 567 758 600 Simo

587 621 639 653 Sic
663 622 745 653 dixit
769 623 856 654 mihi.
1205 633 1272 658 1015

554 681 862 722 Theopropides

148 738 184 769 Ei
210 737 297 772 mihi,
322 736 466 776 disperii.
515 735 611 766 Uocis
635 746 698 767 non
722 735 829 767 habeo
854 737 944 768 satis.

146 791 270 829 Uicine,
296 790 386 830 perii,
411 790 530 820 interii.

653 850 757 881 Simo

579 903 662 935 Num
687 904 765 945 quid
790 904 910 936 Tranio

147 947 330 979 Turbauit?

556 1006 866 1047 Theopropides

373 1059 475 1090 Immo
499 1059 690 1091 exturbauit
714 1061 831 1091 omnia.

657 1130 762 1162 Simo

148 1174 232 1213 Quid
256 1178 292 1206 tu
317 1174 386 1205 ais?

557 1233 866 1274 Theopropides

419 1287 505 1318 Haec
529 1298 580 1319 res
606 1288 652 1319 sic
676 1292 775 1328 est,ut
799 1300 896 1321 narro
921 1289 996 1320 tibi:

149 1342 402 1374 Deludificatust
425 1352 475 1372 me
500 1342 596 1373 hodie
620 1343 653 1373 in
678 1347 871 1383 perpetuum
896 1343 1036 1374 modum.
1208 1352 1274 1377 1020

149 1397 240 1428 Nunc
262 1400 294 1427 te
318 1395 462 1433 obsecro,
485 1399 522 1426 ut
545 1406 596 1427 me
620 1396 702 1428 bene
726 1397 819 1428 iuues
843 1408 1042 1438 operamque
1067 1397 1132 1428 des.

662 1467 765 1498 Simo

150 1509 235 1547 Quid
259 1510 333 1541 uis?

561 1564 872 1605 Theopropides

376 1617 390 1648 I
413 1628 549 1655 mecum,
575 1617 722 1652 obsecro,
746 1618 829 1649 intro
853 1629 918 1651 una
941 1619 1047 1650 simul.

658 1689 763 1721 Simo

152 1731 236 1762 Fiat.

561 1786 866 1827 Theopropides

278 1839 520 1880 Seruorumque
544 1850 679 1880 operam
702 1845 735 1872 et
758 1841 829 1872 lora
853 1841 932 1872 mihi
956 1841 1045 1873 cedo.

221 1960 286 1984 1013
305 1959 409 1990 agebat
499 1959 564 1984 1014
581 1958 635 1984 hoe
721 1960 787 1984 1015
807 1959 895 1985 uoluit
913 1959 940 1986 B
1027 1961 1091 1986 1016
1111 1960 1237 1994 dispergi
1257 1960 1280 1986 0

154 2001 218 2026 1017
237 2001 329 2027 Uicini
382 2002 440 2034 peri
460 2001 545 2026 interi
566 2001 588 2027 0
640 2003 705 2028 1018
723 2002 860 2028 Tui-babit
913 2001 983 2027 Post
1003 2003 1071 2028 1018
1089 2003 1188 2036 legitur
1206 2011 1276 2030 vers.

151 2042 190 2068 Te
213 2043 372 2069 ludificatus
398 2046 440 2069 est
464 2044 546 2069 hodie
575 2044 696 2077 indiguis
722 2045 764 2070 dis
791 2044 832 2073 B,
859 2043 899 2069 Te
928 2044 1100 2071 ludificatust
1126 2047 1164 2071 mi
1192 2045 1277 2071 hodie

153 2085 305 2118 indignidis
325 2086 347 2112 C
408 2087 474 2112 1019
492 2086 549 2111 ΤΗ.
569 2086 641 2118 Quid
660 2091 690 2112 tu
711 2087 790 2120 agis?
810 2087 849 2112 Sl.
915 2089 975 2113 1021
999 2088 1055 2113 ΤΗ.
1074 2088 1138 2113 Nun
1212 2089 1278 2114 1022

152 2128 225 2154 intro
244 2136 293 2154 om.
368 2130 432 2154 1023
452 2129 674 2162 Serum-umque.
686 2133 766 2156 ...et
786 2129 808 2155 C
