1596 2478
138 163 178 196 11,
199 165 220 196 1,
240 164 342 190 46—57
611 162 790 188 Mostellaria.
1223 163 1262 192 93

592 255 807 296 Delphinm

139 311 222 349 Quid
246 311 272 342 si
295 310 396 350 igitur
419 309 574 340 abeamus
598 309 673 340 hinc
697 313 776 340 nos?

624 368 772 399 Tranio

695 421 766 452 Non
792 421 853 452 hoc
877 422 982 461 longe,
1008 421 1193 461 Delphium.
1213 429 1262 455 385

139 477 221 508 Nam
246 478 334 508 intus
360 480 470 516 potate
494 476 581 506 haud
606 474 735 506 tantillo
760 474 820 506 hac
844 475 972 515 quidem
998 486 1098 506 causa
1122 476 1234 506 minus.

566 534 830 565 Philolaches

140 590 177 621 Ei
191 589 279 627 mihi,
293 600 401 630 quam,
414 590 515 620 istaec
529 588 651 619 blanda
664 588 754 619 dicta,
767 599 831 628 quo
845 589 1006 625 eueniant,
1027 588 1142 619 madeo
1158 588 1261 619 metu!

627 647 773 678 Tranio

139 703 233 734 Potin
258 707 294 734 ut
318 704 425 734 animo
449 703 493 733 sis
517 702 629 742 quieto
654 705 686 733 et
710 701 813 732 facias
838 701 925 741 quod
949 701 1067 733 iubeo?

570 760 832 792 Philolaches

1140 804 1262 836 Potest.

624 858 773 889 Tranio

140 913 291 944 Omnium
316 913 464 953 primum,
489 911 735 949 Philematium,
761 912 847 942 intro
871 911 940 949 abi,
964 915 996 942 et
1019 914 1054 942 tu
1080 911 1263 951 Delphium.

595 971 811 1012 Delphium

139 1026 322 1066 Morigerae
346 1026 407 1057 tibi
431 1026 552 1057 erimus
576 1025 702 1057 ambae.

627 1085 774 1116 Tranio

746 1139 797 1170 Ita
819 1138 875 1169 ille
898 1138 981 1170 faxit
1004 1138 1167 1179 Iuppiter!
1215 1147 1266 1172 390

140 1194 291 1225 Animum
314 1194 452 1225 aduorte
476 1203 562 1224 nunc
586 1194 649 1224 iam
675 1196 720 1227 tu.
744 1203 828 1233 quae
853 1192 929 1223 uolo
953 1192 1153 1223 adcurarier.

140 1248 292 1279 Omnium
316 1247 536 1288 primumdum
561 1246 659 1279 aedes
683 1247 747 1278 iam
772 1247 841 1278 face
864 1246 1015 1277 occlusae
1038 1247 1132 1277 sient.

140 1302 233 1333 Intus
257 1312 336 1333 caue
361 1302 494 1332 muttire
519 1311 715 1342 quemquam
740 1301 866 1332 sineris.

571 1360 833 1392 Philolaches

902 1402 1090 1434 curabitur.

627 1457 775 1488 Tranio

139 1513 319 1553 Tamquam
345 1512 371 1542 si
396 1512 485 1542 intus
508 1514 606 1542 natus
629 1522 724 1542 nemo
750 1512 780 1542 in
806 1510 943 1542 aedibus
967 1510 1105 1542 habitet.

573 1570 835 1602 Philolaches

1162 1613 1265 1645 Licet.

627 1668 775 1699 Tranio

141 1723 212 1754 Neu
229 1723 402 1764 quisquam
420 1726 602 1762 responset,
622 1722 753 1763 quando
772 1721 870 1752 hasce
888 1721 978 1752 aedis
997 1720 1142 1761 pultabit
1154 1731 1263 1751 senex.

568 1781 834 1813 Philolaches

141 1825 226 1856 Num
249 1824 330 1865 quid
353 1824 465 1856 aliud?

211 1927 260 1952 385
279 1926 349 1958 Quid
369 1928 411 1951 est.
430 1926 536 1958 igitur?
555 1926 706 1952 habeamus
772 1925 847 1958 linge
868 1925 890 1951 C'
952 1925 1121 1958 delophuum
1140 1925 1174 1954 Β,
1196 1925 1268 1951 dele-

141 1970 244 2003 phyum
266 1970 288 1995 C
352 1970 402 1994 386
422 1968 574 1994 Nameutus
595 1968 616 1995 C
679 1968 847 1994 hautantillo
867 1967 902 1999 B,
923 1968 991 1993 haut
1010 1967 1112 1993 ancillo
1133 1967 1155 1993 C
1218 1969 1268 1993 337

143 2020 225 2045 quom
246 2012 300 2036 ista
320 2011 370 2037 hec
423 2012 473 2037 338
492 2012 584 2036 animo
602 2014 633 2036 ut>
686 2010 805 2036 fatiasB
858 2011 908 2035 389
926 2009 1058 2043 delphum
1070 2009 1104 2041 Β,
1124 2010 1268 2043 delpymC¹

142 2055 193 2080 390
212 2054 352 2086 morigera
371 2056 398 2078 et
418 2054 456 2079 ibi
505 2054 551 2079 391
573 2056 602 2079 tn
622 2054 674 2079 iam
687 2052 721 2084 B,
742 2053 829 2078 mulam
842 2052 864 2078 0
909 2052 1115 2078 accurrerierC
1157 2053 1207 2078 392
1225 2052 1267 2078 fac

143 2097 193 2122 393
212 2097 312 2122 mutire
383 2097 434 2122 394
452 2096 554 2122 stintus
625 2096 675 2121 395
693 2096 804 2129 putabit
823 2094 849 2120 B
