<?xml version="1.0" encoding="UTF-8"?>
<!DOCTYPE html PUBLIC "-//W3C//DTD XHTML 1.0 Transitional//EN"
    "http://www.w3.org/TR/xhtml1/DTD/xhtml1-transitional.dtd">
<html xmlns="http://www.w3.org/1999/xhtml" xml:lang="en" lang="en">
 <head>
  <title>
</title>
<meta http-equiv="Content-Type" content="text/html;charset=utf-8" />
  <meta name='ocr-system' content='tesseract 3.04.00' />
  <meta name='ocr-capabilities' content='ocr_page ocr_carea ocr_par ocr_line ocrx_word'/>
</head>
<body>
  <div class='ocr_page' id='page_1' title='image "./comoediaerecensu03plauuoft_0287.png"; bbox 0 0 1596 2478; ppageno 0'>
   <div class='ocr_carea' id='block_1_1' title="bbox 0 2316 47 2478">
    <p class='ocr_par' dir='ltr' id='par_1_1' title="bbox 0 2316 47 2478">
     <span class='ocr_line' id='line_1_1' title="bbox 0 2316 47 2478; textangle 90"><span class='ocrx_word' id='word_1_1' title='bbox 0 2316 47 2478; x_wconf 56' lang='grc' dir='ltr'><strong>ις.</strong></span> 
     </span>
    </p>
   </div>
   <div class='ocr_carea' id='block_1_2' title="bbox 398 676 1026 715">
    <p class='ocr_par' dir='ltr' id='par_1_2' title="bbox 398 676 1026 715">
     <span class='ocr_line' id='line_1_2' title="bbox 398 676 1026 715; baseline 0.003 -7"><span class='ocrx_word' id='word_1_2' title='bbox 398 676 566 709; x_wconf 89' lang='lat' dir='ltr'><strong>GRUMIO</strong></span> <span class='ocrx_word' id='word_1_3' title='bbox 612 677 782 715; x_wconf 87' lang='lat' dir='ltr'>TRANIO,</span> <span class='ocrx_word' id='word_1_4' title='bbox 828 677 954 710; x_wconf 88' lang='lat' dir='ltr'>SERUI</span> <span class='ocrx_word' id='word_1_5' title='bbox 986 678 1026 710; x_wconf 92' lang='grc' dir='ltr'><strong>ΙΙ.</strong></span> 
     </span>
    </p>
   </div>
   <div class='ocr_carea' id='block_1_3' title="bbox 148 769 1275 1079">
    <p class='ocr_par' dir='ltr' id='par_1_3' title="bbox 148 769 1275 1079">
     <span class='ocr_line' id='line_1_3' title="bbox 630 769 794 802; baseline 0 0"><span class='ocrx_word' id='word_1_6' title='bbox 630 769 794 802; x_wconf 88' lang='lat' dir='ltr'>Grumio</span> 
     </span>
     <span class='ocr_line' id='line_1_4' title="bbox 150 823 762 863; baseline 0.002 -9"><span class='ocrx_word' id='word_1_7' title='bbox 150 824 210 854; x_wconf 87' lang='lat' dir='ltr'><strong>Exi</strong></span> <span class='ocrx_word' id='word_1_8' title='bbox 235 834 251 854; x_wconf 81' lang='lat' dir='ltr'><strong>e</strong></span> <span class='ocrx_word' id='word_1_9' title='bbox 275 823 384 854; x_wconf 86' lang='lat' dir='ltr'>culina</span> <span class='ocrx_word' id='word_1_10' title='bbox 407 824 450 854; x_wconf 88' lang='lat' dir='ltr'><strong>sis</strong></span> <span class='ocrx_word' id='word_1_11' title='bbox 475 824 573 859; x_wconf 81' lang='lat' dir='ltr'><strong>foras,</strong></span> <span class='ocrx_word' id='word_1_12' title='bbox 600 825 762 863; x_wconf 83' lang='lat' dir='ltr'>mastigia,</span> 
     </span>
     <span class='ocr_line' id='line_1_5' title="bbox 150 876 918 919; baseline 0.003 -12"><span class='ocrx_word' id='word_1_13' title='bbox 150 876 212 914; x_wconf 83' lang='lat' dir='ltr'><strong>Qui</strong></span> <span class='ocrx_word' id='word_1_14' title='bbox 237 877 314 908; x_wconf 90' lang='lat' dir='ltr'><strong>mihi</strong></span> <span class='ocrx_word' id='word_1_15' title='bbox 338 878 423 908; x_wconf 80' lang='lat' dir='ltr'><strong>inter</strong></span> <span class='ocrx_word' id='word_1_16' title='bbox 447 878 575 917; x_wconf 84' lang='lat' dir='ltr'><strong>patinas</strong></span> <span class='ocrx_word' id='word_1_17' title='bbox 601 878 734 909; x_wconf 84' lang='lat' dir='ltr'><strong>exhibes</strong></span> <span class='ocrx_word' id='word_1_18' title='bbox 759 879 918 919; x_wconf 77' lang='lat' dir='ltr'><strong>argutias.</strong></span> 
     </span>
     <span class='ocr_line' id='line_1_6' title="bbox 148 930 863 972; baseline 0 -11"><span class='ocrx_word' id='word_1_19' title='bbox 148 930 322 969; x_wconf 79' lang='lat' dir='ltr'><strong>Egredere,</strong></span> <span class='ocrx_word' id='word_1_20' title='bbox 347 931 435 962; x_wconf 86' lang='lat' dir='ltr'><strong>erilis</strong></span> <span class='ocrx_word' id='word_1_21' title='bbox 458 932 629 972; x_wconf 83' lang='lat' dir='ltr'>pernicies,</span> <span class='ocrx_word' id='word_1_22' title='bbox 654 943 692 963; x_wconf 83' lang='lat' dir='ltr'><strong>ex</strong></span> <span class='ocrx_word' id='word_1_23' title='bbox 717 931 863 963; x_wconf 82' lang='lat' dir='ltr'><strong>aedibus.</strong></span> 
     </span>
     <span class='ocr_line' id='line_1_7' title="bbox 149 984 950 1026; baseline 0.002 -11"><span class='ocrx_word' id='word_1_24' title='bbox 149 984 218 1023; x_wconf 75' lang='lat' dir='ltr'><strong>Ego</strong></span> <span class='ocrx_word' id='word_1_25' title='bbox 243 985 296 1025; x_wconf 88' lang='lat' dir='ltr'><strong>pol</strong></span> <span class='ocrx_word' id='word_1_26' title='bbox 320 988 353 1015; x_wconf 91' lang='lat' dir='ltr'><strong>te</strong></span> <span class='ocrx_word' id='word_1_27' title='bbox 376 985 454 1023; x_wconf 84' lang='lat' dir='ltr'>ruri,</span> <span class='ocrx_word' id='word_1_28' title='bbox 478 985 503 1016; x_wconf 90' lang='lat' dir='ltr'><strong>si</strong></span> <span class='ocrx_word' id='word_1_29' title='bbox 528 986 649 1018; x_wconf 80' lang='lat' dir='ltr'>uiuam.</span> <span class='ocrx_word' id='word_1_30' title='bbox 674 985 816 1017; x_wconf 86' lang='lat' dir='ltr'><strong>ulciscar</strong></span> <span class='ocrx_word' id='word_1_31' title='bbox 839 986 950 1026; x_wconf 86' lang='lat' dir='ltr'>probe.</span> 
     </span>
     <span class='ocr_line' id='line_1_8' title="bbox 149 1038 1275 1079; baseline 0.004 -11"><span class='ocrx_word' id='word_1_32' title='bbox 149 1038 219 1076; x_wconf 81' lang='lat' dir='ltr'>Exi,</span> <span class='ocrx_word' id='word_1_33' title='bbox 243 1039 385 1079; x_wconf 80' lang='lat' dir='ltr'><strong>inquam,</strong></span> <span class='ocrx_word' id='word_1_34' title='bbox 411 1038 498 1075; x_wconf 83' lang='lat' dir='ltr'>nido,</span> <span class='ocrx_word' id='word_1_35' title='bbox 523 1039 660 1076; x_wconf 87' lang='lat' dir='ltr'>uolturi;</span> <span class='ocrx_word' id='word_1_36' title='bbox 685 1049 759 1070; x_wconf 86' lang='lat' dir='ltr'><strong>nam</strong></span> <span class='ocrx_word' id='word_1_37' title='bbox 784 1039 861 1079; x_wconf 84' lang='lat' dir='ltr'>quid</span> <span class='ocrx_word' id='word_1_38' title='bbox 886 1039 995 1071; x_wconf 83' lang='lat' dir='ltr'><strong>lates?</strong></span> <span class='ocrx_word' id='word_1_39' title='bbox 1259 1050 1275 1073; x_wconf 76' lang='lat'>5</span> 
     </span>
    </p>
   </div>
   <div class='ocr_carea' id='block_1_4' title="bbox 148 1104 1275 1764">
    <p class='ocr_par' dir='ltr' id='par_1_4' title="bbox 148 1104 1275 1764">
     <span class='ocr_line' id='line_1_9' title="bbox 638 1104 785 1136; baseline 0.007 -1"><span class='ocrx_word' id='word_1_40' title='bbox 638 1104 785 1136; x_wconf 87' lang='lat' dir='ltr'><strong>Tranio</strong></span> 
     </span>
     <span class='ocr_line' id='line_1_10' title="bbox 149 1156 1036 1194; baseline 0.001 -5"><span class='ocrx_word' id='word_1_41' title='bbox 149 1156 232 1194; x_wconf 85' lang='lat' dir='ltr'>Quid</span> <span class='ocrx_word' id='word_1_42' title='bbox 257 1157 326 1189; x_wconf 81' lang='lat' dir='ltr'><strong>tibi.</strong></span> <span class='ocrx_word' id='word_1_43' title='bbox 353 1158 482 1194; x_wconf 79' lang='lat' dir='ltr'><strong>malum,</strong></span> <span class='ocrx_word' id='word_1_44' title='bbox 508 1158 560 1189; x_wconf 83' lang='lat' dir='ltr'><strong>hic</strong></span> <span class='ocrx_word' id='word_1_45' title='bbox 583 1163 659 1188; x_wconf 80' lang='lat' dir='ltr'><strong>ante</strong></span> <span class='ocrx_word' id='word_1_46' title='bbox 682 1158 773 1189; x_wconf 84' lang='lat' dir='ltr'><strong>aedis</strong></span> <span class='ocrx_word' id='word_1_47' title='bbox 797 1158 1036 1190; x_wconf 66' lang='lat' dir='ltr'><strong>clamitatiost?</strong></span> 
     </span>
     <span class='ocr_line' id='line_1_11' title="bbox 150 1211 997 1243; baseline 0.002 -2"><span class='ocrx_word' id='word_1_48' title='bbox 150 1211 195 1241; x_wconf 83' lang='lat' dir='ltr'><strong>An</strong></span> <span class='ocrx_word' id='word_1_49' title='bbox 220 1211 288 1242; x_wconf 79' lang='lat' dir='ltr'>ruri</span> <span class='ocrx_word' id='word_1_50' title='bbox 312 1221 425 1242; x_wconf 81' lang='lat' dir='ltr'>censes</span> <span class='ocrx_word' id='word_1_51' title='bbox 449 1215 481 1243; x_wconf 89' lang='lat' dir='ltr'><strong>te</strong></span> <span class='ocrx_word' id='word_1_52' title='bbox 505 1214 598 1243; x_wconf 76' lang='lat' dir='ltr'><strong>esse?</strong></span> <span class='ocrx_word' id='word_1_53' title='bbox 621 1211 763 1243; x_wconf 86' lang='lat' dir='ltr'><strong>abscede</strong></span> <span class='ocrx_word' id='word_1_54' title='bbox 788 1212 829 1242; x_wconf 85' lang='lat' dir='ltr'><strong>ab</strong></span> <span class='ocrx_word' id='word_1_55' title='bbox 852 1212 997 1243; x_wconf 76' lang='lat' dir='ltr'><strong>aedibus.</strong></span> 
     </span>
     <span class='ocr_line' id='line_1_12' title="bbox 149 1264 933 1304; baseline 0.004 -10"><span class='ocrx_word' id='word_1_56' title='bbox 149 1264 208 1295; x_wconf 86' lang='lat' dir='ltr'><strong>Abi</strong></span> <span class='ocrx_word' id='word_1_57' title='bbox 232 1275 303 1302; x_wconf 90' lang='lat' dir='ltr'><strong>rus;</strong></span> <span class='ocrx_word' id='word_1_58' title='bbox 328 1265 382 1296; x_wconf 85' lang='lat' dir='ltr'><strong>abi</strong></span> <span class='ocrx_word' id='word_1_59' title='bbox 407 1265 567 1304; x_wconf 76' lang='lat' dir='ltr'><strong>diereote3</strong></span> <span class='ocrx_word' id='word_1_60' title='bbox 592 1266 732 1296; x_wconf 76' lang='lat' dir='ltr'><strong>abscede</strong></span> <span class='ocrx_word' id='word_1_61' title='bbox 757 1265 799 1296; x_wconf 87' lang='lat' dir='ltr'><strong>ab</strong></span> <span class='ocrx_word' id='word_1_62' title='bbox 823 1266 933 1297; x_wconf 80' lang='lat' dir='ltr'>ianua.</span> 
     </span>
     <span class='ocr_line' id='line_1_13' title="bbox 148 1318 549 1356; baseline 0.005 -8"><span class='ocrx_word' id='word_1_63' title='bbox 148 1318 226 1356; x_wconf 79' lang='lat' dir='ltr'><strong>Em3</strong></span> <span class='ocrx_word' id='word_1_64' title='bbox 250 1318 365 1349; x_wconf 85' lang='lat' dir='ltr'><strong>hocine</strong></span> <span class='ocrx_word' id='word_1_65' title='bbox 390 1318 549 1350; x_wconf 76' lang='lat' dir='ltr'><strong>uolebas?</strong></span> 
     </span>
     <span class='ocr_line' id='line_1_14' title="bbox 614 1384 793 1415; baseline 0 0"><span class='ocrx_word' id='word_1_66' title='bbox 614 1384 793 1415; x_wconf 87' lang='lat' dir='ltr'>-Grumio</span> 
     </span>
     <span class='ocr_line' id='line_1_15' title="bbox 602 1437 1086 1469; baseline 0.002 -1"><span class='ocrx_word' id='word_1_67' title='bbox 602 1437 697 1469; x_wconf 80' lang='lat' dir='ltr'>Perii.</span> <span class='ocrx_word' id='word_1_68' title='bbox 744 1437 809 1469; x_wconf 87' lang='lat' dir='ltr'><strong>Cur</strong></span> <span class='ocrx_word' id='word_1_69' title='bbox 833 1448 882 1469; x_wconf 85' lang='lat' dir='ltr'><strong>me</strong></span> <span class='ocrx_word' id='word_1_70' title='bbox 906 1437 1086 1469; x_wconf 82' lang='lat' dir='ltr'><strong>uerberas‘?</strong></span> 
     </span>
     <span class='ocr_line' id='line_1_16' title="bbox 637 1503 782 1534; baseline 0 0"><span class='ocrx_word' id='word_1_71' title='bbox 637 1503 782 1534; x_wconf 82' lang='lat' dir='ltr'>Tranio</span> 
     </span>
     <span class='ocr_line' id='line_1_17' title="bbox 149 1555 351 1593; baseline 0 -6"><span class='ocrx_word' id='word_1_72' title='bbox 149 1555 233 1593; x_wconf 84' lang='lat' dir='ltr'>Quia</span> <span class='ocrx_word' id='word_1_73' title='bbox 256 1556 351 1587; x_wconf 85' lang='lat' dir='ltr'>uiuis.</span> 
     </span>
     <span class='ocr_line' id='line_1_18' title="bbox 627 1615 791 1647; baseline -0.006 0"><span class='ocrx_word' id='word_1_74' title='bbox 627 1615 791 1647; x_wconf 89' lang='lat' dir='ltr'><strong>Grumio</strong></span> 
     </span>
     <span class='ocr_line' id='line_1_19' title="bbox 397 1669 1275 1709; baseline 0.002 -10"><span class='ocrx_word' id='word_1_75' title='bbox 397 1669 518 1700; x_wconf 84' lang='lat' dir='ltr'>Patiar.</span> <span class='ocrx_word' id='word_1_76' title='bbox 566 1669 640 1700; x_wconf 87' lang='lat' dir='ltr'><strong>Sine</strong></span> <span class='ocrx_word' id='word_1_77' title='bbox 666 1669 762 1701; x_wconf 90' lang='lat' dir='ltr'><strong>modo</strong></span> <span class='ocrx_word' id='word_1_78' title='bbox 786 1670 943 1701; x_wconf 78' lang='lat' dir='ltr'><strong>adueniat</strong></span> <span class='ocrx_word' id='word_1_79' title='bbox 966 1680 1081 1709; x_wconf 82' lang='lat' dir='ltr'><strong>senex;</strong></span> <span class='ocrx_word' id='word_1_80' title='bbox 1244 1680 1275 1704; x_wconf 93' lang='lat'><strong>10</strong></span> 
     </span>
     <span class='ocr_line' id='line_1_20' title="bbox 149 1722 1103 1764; baseline 0.001 -10"><span class='ocrx_word' id='word_1_81' title='bbox 149 1722 225 1754; x_wconf 80' lang='lat' dir='ltr'><strong>Sine</strong></span> <span class='ocrx_word' id='word_1_82' title='bbox 251 1723 345 1754; x_wconf 89' lang='lat' dir='ltr'><strong>modo</strong></span> <span class='ocrx_word' id='word_1_83' title='bbox 371 1723 482 1754; x_wconf 84' lang='lat' dir='ltr'><strong>uenire</strong></span> <span class='ocrx_word' id='word_1_84' title='bbox 508 1723 644 1756; x_wconf 74' lang='lat' dir='ltr'><strong>saluom,</strong></span> <span class='ocrx_word' id='word_1_85' title='bbox 669 1734 767 1764; x_wconf 87' lang='lat' dir='ltr'><strong>quem</strong></span> <span class='ocrx_word' id='word_1_86' title='bbox 791 1723 959 1755; x_wconf 80' lang='lat' dir='ltr'><strong>absentem</strong></span> <span class='ocrx_word' id='word_1_87' title='bbox 985 1733 1103 1755; x_wconf 82' lang='lat' dir='ltr'><strong>comes.</strong></span> 
     </span>
    </p>
   </div>
   <div class='ocr_carea' id='block_1_5' title="bbox 148 1788 1145 1937">
    <p class='ocr_par' dir='ltr' id='par_1_5' title="bbox 148 1788 1145 1937">
     <span class='ocr_line' id='line_1_21' title="bbox 638 1788 785 1820; baseline 0.007 -1"><span class='ocrx_word' id='word_1_88' title='bbox 638 1788 785 1820; x_wconf 87' lang='lat' dir='ltr'>Tranio</span> 
     </span>
     <span class='ocr_line' id='line_1_22' title="bbox 148 1840 971 1882; baseline 0.002 -11"><span class='ocrx_word' id='word_1_89' title='bbox 148 1840 216 1871; x_wconf 77' lang='lat' dir='ltr'><strong>Nec</strong></span> <span class='ocrx_word' id='word_1_90' title='bbox 240 1841 307 1871; x_wconf 83' lang='lat' dir='ltr'><strong>ueri</strong></span> <span class='ocrx_word' id='word_1_91' title='bbox 334 1841 439 1872; x_wconf 81' lang='lat' dir='ltr'><strong>simile</strong></span> <span class='ocrx_word' id='word_1_92' title='bbox 463 1842 597 1882; x_wconf 72' lang='lat' dir='ltr'><strong>loquere</strong></span> <span class='ocrx_word' id='word_1_93' title='bbox 622 1852 680 1872; x_wconf 80' lang='lat' dir='ltr'><strong>nec</strong></span> <span class='ocrx_word' id='word_1_94' title='bbox 706 1853 829 1879; x_wconf 78' lang='lat' dir='ltr'><strong>uerum,</strong></span> <span class='ocrx_word' id='word_1_95' title='bbox 854 1842 971 1880; x_wconf 80' lang='lat' dir='ltr'><strong>frutex,</strong></span> 
     </span>
     <span class='ocr_line' id='line_1_23' title="bbox 148 1893 1145 1937; baseline 0.001 -12"><span class='ocrx_word' id='word_1_96' title='bbox 148 1893 301 1925; x_wconf 81' lang='lat' dir='ltr'><strong>Comesse</strong></span> <span class='ocrx_word' id='word_1_97' title='bbox 325 1905 522 1935; x_wconf 71' lang='lat' dir='ltr'><strong>quemquam</strong></span> <span class='ocrx_word' id='word_1_98' title='bbox 546 1900 582 1937; x_wconf 78' lang='lat' dir='ltr'><strong>ut</strong></span> <span class='ocrx_word' id='word_1_99' title='bbox 606 1896 778 1936; x_wconf 81' lang='lat' dir='ltr'><strong>quisquam</strong></span> <span class='ocrx_word' id='word_1_100' title='bbox 803 1896 972 1927; x_wconf 74' lang='lat' dir='ltr'><strong>absentem</strong></span> <span class='ocrx_word' id='word_1_101' title='bbox 996 1896 1145 1936; x_wconf 74' lang='lat' dir='ltr'><strong>possiet?</strong></span> 
     </span>
    </p>
   </div>
   <div class='ocr_carea' id='block_1_6' title="bbox 148 2012 1276 2131">
    <p class='ocr_par' dir='ltr' id='par_1_6' title="bbox 148 2012 1276 2131">
     <span class='ocr_line' id='line_1_24' title="bbox 217 2012 1271 2046; baseline 0.001 -8"><span class='ocrx_word' id='word_1_102' title='bbox 217 2014 232 2038; x_wconf 88' lang='lat'><strong>3</strong></span> <span class='ocrx_word' id='word_1_103' title='bbox 251 2012 352 2038; x_wconf 78' lang='lat' dir='ltr'><strong>heriles</strong></span> <span class='ocrx_word' id='word_1_104' title='bbox 371 2013 518 2046; x_wconf 71' lang='lat' dir='ltr'><strong>permicies</strong></span> <span class='ocrx_word' id='word_1_105' title='bbox 540 2013 562 2039; x_wconf 87' lang='lat'><em>0</em></span> <span class='ocrx_word' id='word_1_106' title='bbox 620 2014 635 2038; x_wconf 84' lang='lat'>5</span> <span class='ocrx_word' id='word_1_107' title='bbox 654 2013 776 2046; x_wconf 80' lang='lat' dir='ltr'><strong>iniquam</strong></span> <span class='ocrx_word' id='word_1_108' title='bbox 798 2012 821 2039; x_wconf 78' lang='grc' dir='ltr'><em>Ο</em></span> <span class='ocrx_word' id='word_1_109' title='bbox 870 2013 968 2039; x_wconf 82' lang='lat' dir='ltr'>nidore</span> <span class='ocrx_word' id='word_1_110' title='bbox 988 2013 1117 2046; x_wconf 84' lang='lat' dir='ltr'><strong>cupinam</strong></span> <span class='ocrx_word' id='word_1_111' title='bbox 1179 2014 1196 2038; x_wconf 84' lang='lat'>6</span> <span class='ocrx_word' id='word_1_112' title='bbox 1215 2013 1271 2039; x_wconf 78' lang='lat' dir='ltr'><strong>ela-</strong></span> 
     </span>
     <span class='ocr_line' id='line_1_25' title="bbox 148 2054 1276 2086; baseline 0.001 -6"><span class='ocrx_word' id='word_1_113' title='bbox 148 2059 208 2080; x_wconf 80' lang='lat' dir='ltr'><strong>mat</strong></span> <span class='ocrx_word' id='word_1_114' title='bbox 225 2056 278 2081; x_wconf 73' lang='lat' dir='ltr'><strong>iosi</strong></span> <span class='ocrx_word' id='word_1_115' title='bbox 356 2056 373 2081; x_wconf 76' lang='lat' dir='ltr'>S</span> <span class='ocrx_word' id='word_1_116' title='bbox 392 2055 496 2081; x_wconf 82' lang='lat' dir='ltr'><strong>directe</strong></span> <span class='ocrx_word' id='word_1_117' title='bbox 515 2055 536 2081; x_wconf 84' lang='lat' dir='ltr'><strong><em>G</em></strong></span> <span class='ocrx_word' id='word_1_118' title='bbox 613 2056 679 2081; x_wconf 74' lang='lat' dir='ltr'>inua</span> <span class='ocrx_word' id='word_1_119' title='bbox 696 2055 723 2081; x_wconf 90' lang='lat' dir='ltr'><em>B</em></span> <span class='ocrx_word' id='word_1_120' title='bbox 802 2056 818 2081; x_wconf 87' lang='lat'>9</span> <span class='ocrx_word' id='word_1_121' title='bbox 836 2055 879 2081; x_wconf 82' lang='lat' dir='ltr'><strong>En</strong></span> <span class='ocrx_word' id='word_1_122' title='bbox 899 2055 932 2086; x_wconf 91' lang='lat' dir='ltr'><strong>B,</strong></span> <span class='ocrx_word' id='word_1_123' title='bbox 951 2056 978 2081; x_wconf 88' lang='lat' dir='ltr'><strong>in</strong></span> <span class='ocrx_word' id='word_1_124' title='bbox 1000 2054 1023 2081; x_wconf 85' lang='lat' dir='ltr'><strong><em>G</em></strong></span> <span class='ocrx_word' id='word_1_125' title='bbox 1105 2056 1137 2081; x_wconf 89' lang='lat'><strong>10</strong></span> <span class='ocrx_word' id='word_1_126' title='bbox 1155 2056 1235 2081; x_wconf 86' lang='lat' dir='ltr'><strong>uiuus</strong></span> <span class='ocrx_word' id='word_1_127' title='bbox 1254 2055 1276 2082; x_wconf 85' lang='lat' dir='ltr'><strong><em>G</em></strong></span> 
     </span>
     <span class='ocr_line' id='line_1_26' title="bbox 148 2097 982 2131; baseline 0.001 -8"><span class='ocrx_word' id='word_1_128' title='bbox 148 2097 226 2130; x_wconf 79' lang='lat' dir='ltr'>pacia</span> <span class='ocrx_word' id='word_1_129' title='bbox 245 2099 304 2123; x_wconf 75' lang='lat' dir='ltr'><strong>siue</strong></span> <span class='ocrx_word' id='word_1_130' title='bbox 324 2097 347 2124; x_wconf 85' lang='lat'><em>0</em></span> <span class='ocrx_word' id='word_1_131' title='bbox 415 2100 443 2123; x_wconf 87' lang='lat'><strong>11</strong></span> <span class='ocrx_word' id='word_1_132' title='bbox 464 2099 557 2124; x_wconf 75' lang='lat' dir='ltr'><strong>saluos</strong></span> <span class='ocrx_word' id='word_1_133' title='bbox 574 2097 609 2130; x_wconf 88' lang='grc' dir='ltr'><strong>Β,</strong></span> <span class='ocrx_word' id='word_1_134' title='bbox 629 2099 722 2124; x_wconf 81' lang='lat' dir='ltr'><strong>saluus</strong></span> <span class='ocrx_word' id='word_1_135' title='bbox 744 2098 765 2124; x_wconf 81' lang='grc' dir='ltr'>Ο</span> <span class='ocrx_word' id='word_1_136' title='bbox 838 2099 869 2124; x_wconf 88' lang='grc'><strong>13</strong></span> <span class='ocrx_word' id='word_1_137' title='bbox 886 2102 982 2131; x_wconf 80' lang='lat' dir='ltr'><strong>posset</strong></span> 
     </span>
    </p>
   </div>
   <div class='ocr_carea' id='block_1_7' title="bbox 1564 1197 1571 2022">
    <p class='ocr_par' dir='ltr' id='par_1_7' title="bbox 1564 1197 1571 2022">
     <span class='ocr_line' id='line_1_27' title="bbox 1564 1197 1571 2022; baseline 0 0"><span class='ocrx_word' id='word_1_138' title='bbox 1564 1197 1571 2022; x_wconf 95' lang='lat' dir='ltr'><strong> </strong></span> 
     </span>
    </p>
   </div>
   <div class='ocr_carea' id='block_1_8' title="bbox 1562 0 1595 2366">
    <p class='ocr_par' dir='ltr' id='par_1_8' title="bbox 1562 0 1595 2366">
     <span class='ocr_line' id='line_1_28' title="bbox 1562 0 1595 2366; baseline 0 0"><span class='ocrx_word' id='word_1_139' title='bbox 1562 0 1595 2366; x_wconf 95' lang='lat' dir='ltr'><strong> </strong></span> 
     </span>
    </p>
   </div>
  </div>
 </body>
</html>
