1596 2478
331 778 559 811 SELENIUM.
607 780 874 814 GYMNASIUM.
922 783 1043 814 LENA.

588 873 790 906 Selenium

123 928 228 966 Quom
254 937 313 966 ego
337 927 477 959 antehac
501 931 532 959 te
559 929 665 959 amani
693 932 726 959 et
750 928 828 960 mihi
853 930 990 961 amicam
1016 941 1086 962 esse
1111 932 1210 969 creui,

123 981 196 1013 Mea
219 982 441 1022 Gymnasium,
465 985 498 1012 et
522 987 658 1012 matrem
683 985 784 1020 tuam,
808 987 877 1014 tum
903 983 935 1014 id
960 983 1038 1015 mihi
1063 984 1159 1016 hodie

122 1036 316 1076 Aperuistis,
340 1038 376 1066 tu
401 1038 502 1075 atque
527 1035 617 1067 haee.
665 1036 764 1068 Soror
788 1037 815 1067 si
840 1047 912 1068 mea
936 1048 1033 1070 esses,

122 1090 184 1128 Qui
206 1090 310 1128 magis
335 1089 508 1129 potueritis
532 1089 610 1120 mihi
635 1089 791 1121 honorem
815 1091 863 1121 ire
886 1091 1044 1128 habitum,

122 1144 247 1180 Nescio,
272 1143 344 1177 uisi.
368 1146 405 1173 ut
433 1154 522 1174 meus
542 1146 591 1174 est
609 1144 748 1181 animus,
772 1144 841 1175 fieri
860 1156 924 1175 non
944 1155 1038 1185 posse
1057 1146 1215 1186 arbitror;
1233 1155 1250 1180 5

122 1197 173 1229 Ita
197 1197 346 1229 omnibus
366 1197 489 1228 relictis
508 1197 605 1228 rebus
628 1197 705 1229 mihi
724 1198 929 1238 frequentem
949 1209 1082 1240 operam
1101 1200 1248 1232 dedistis.

123 1251 170 1284 Eo
195 1262 254 1291 ego
280 1262 338 1282 uos
361 1260 434 1282 amo
465 1255 498 1282 et
526 1261 564 1282 eo
593 1261 650 1282 uos
674 1262 694 1282 as
718 1262 768 1283 me
791 1263 942 1293 magnam
967 1253 1076 1284 inistis
1101 1254 1249 1293 gratiam.

557 1328 808 1368 Gymnasium

124 1383 182 1414 Pol
206 1383 289 1414 istoc
314 1382 444 1422 quidem
470 1392 526 1412 nos
551 1382 656 1422 pretio
682 1382 776 1414 facile
801 1386 852 1414 est

122 1437 344 1478 Frequentare
369 1435 429 1466 tibi
453 1436 610 1476 utilisque
636 1436 767 1468 habere.

121 1491 173 1523 Ita
196 1492 227 1522 iu
253 1490 390 1530 prandio
416 1499 474 1521 nos
498 1489 606 1530 lepide
631 1493 731 1530 atque
754 1491 857 1522 nitide
1218 1501 1249 1525 ιο

121 1544 287 1584 Accepisti
312 1543 398 1583 apud
423 1546 464 1577 te.
491 1547 527 1574 ut
551 1553 680 1584 semper
702 1545 956 1576 meminerimus.

586 1619 785 1653 Selenium

121 1675 326 1715 Lubentique
351 1674 466 1715 edepol
491 1675 600 1705 animo
624 1674 748 1706 factum
773 1679 806 1707 et
829 1675 885 1707 fiet
909 1686 928 1706 a
952 1686 1011 1713 me,

122 1729 212 1768 Quae
236 1739 294 1760 uos
318 1728 504 1760 arbitrabor
527 1728 621 1761 uelle,
648 1739 686 1760 ea
709 1733 745 1760 ut
768 1733 980 1770 expetessam.

227 1855 501 1883 MERETlcEs-n-
530 1855 547 1881 S
581 1855 803 1882 GYMNASIUM
832 1857 856 1883 ἀ
884 1855 1075 1882 SELENIUM
1102 1856 1142 1884 Β,
1184 1856 1249 1882 ΜΕ-

122 1900 501 1952 RET1018-11-G1MNASOE
519 1925 534 1948 7
554 1923 746 1951 SELENIUM
765 1924 800 1955 E,
829 1917 1017 1948 Meretrices
1042 1917 1125 1948 duae
1151 1916 1248 1957 Gym-

122 1970 248 2000 nasium
275 1973 307 2000 et
331 1968 495 1999 Selenium
521 1972 538 1997 1
627 1968 728 1999 Lenia
751 1971 772 1997 I

123 2021 135 2045 1
157 2019 240 2045 anted
259 2019 288 2045 E
390 2020 406 2044 2
425 2018 592 2050 gimnasium
611 2018 644 2051 B,
665 2019 845 2049 gimnassium
865 2017 895 2044 Ε
995 2019 1010 2043 3
1030 2017 1175 2050 Aperuisti
1193 2016 1252 2043 BE

122 2064 139 2088 4
157 2062 281 2095 potueris
300 2061 326 2086 B
420 2063 435 2087 5
455 2062 508 2087 nisi
527 2068 576 2087 om.
595 2061 616 2087 I
706 2062 721 2086 7
740 2061 778 2086 Et
796 2060 826 2087 E
917 2068 978 2086 amo
998 2069 1049 2085 uos
1068 2060 1088 2086 I
1181 2068 1214 2085 eo
1233 2068 1249 2085 a

121 2106 138 2131 8
156 2105 230 2131 istuc
249 2105 269 2131 I
347 2104 362 2130 9
382 2107 412 2129 ut
429 2103 484 2130 illis
505 2111 566 2137 quoe
585 2104 608 2136 Ι,
628 2107 659 2130 ut
677 2104 731 2129 illis
751 2112 804 2137 que
823 2103 852 2129 E
924 2104 954 2128 10
974 2111 1005 2128 ae
1023 2101 1071 2129 IE
1140 2104 1168 2128 11
1190 2111 1247 2128 me-

122 2148 235 2173 mineris
254 2147 300 2172 IE
369 2148 397 2171 12
416 2147 583 2179 labentique
602 2146 632 2172 E
697 2148 728 2172 13
747 2147 866 2172 arbitror
886 2144 915 2170 Ε
983 2149 1096 2178 expetes

1009 2199 1044 2224 ὅξ-
