1596 2478
0 535 30 674 {why-'⁹2⁴²
4 465 17 515 ,ιο
11 403 15 414 -
12 360 13 369 ⁴
7 322 10 329 -
4 290 15 306 f
14 237 21 246 ,

609 192 639 218 v.
662 194 801 220 147—212.
1208 196 1264 226 185

149 305 187 310 —-
216 291 282 320 190.
313 288 444 324 (Indum,
479 299 585 328 nuper,
622 299 647 318 v.
673 290 709 318 ad
733 290 838 328 Amph.
865 291 934 319 654.
971 305 1005 310 —
1038 292 1112 327 191,
1144 292 1179 319 cf.
1204 291 1264 320 Mil.

152 342 218 370 101.
250 356 289 360 -
323 342 389 369 192.
426 341 468 369 Ne
497 342 564 378 quis
595 340 688 374 „Sed“
717 342 857 379 requirat,
887 352 912 369 v.
938 341 974 370 ad
998 342 1104 379 Amph.
1129 343 1199 370 350.
1223 357 1265 361 —

152 394 218 422 195.
254 390 300 421 sie
334 400 381 421 res
413 391 500 429 uesta
534 392 638 429 scripsi
670 395 702 420 ut
736 393 802 421 145.
837 407 870 411 ›—
903 389 988 422 Bene
1010 390 1110 422 ualete
1133 397 1198 429 cet„
1229 395 1263 422 cs.

147 444 239 473 Casin.
255 445 292 472 87
307 454 350 481 sq.
372 459 412 462 —
440 445 506 472 198.
532 441 637 472 nostra
660 444 773 481 scripsi,
797 454 976 482 quamquam
1000 446 1168 483 superiores
1193 445 1264 474 nibil

149 498 308 524 mutarunt.
334 509 375 514 -
400 496 469 524 200.
501 491 543 524 Ut
565 495 631 523 edd.

233 651 302 678 201.
327 650 562 678 Alcesimarchus
587 649 756 678 adolescens
780 652 808 678 in
828 650 928 679 urbem
950 652 1040 680 redux
1060 653 1166 680 amoris
1186 652 1263 680 desi-

147 702 260 730 derium
285 702 441 738 unapaestis
465 702 610 739 queritur.
663 701 832 736 Canticum,
864 701 942 739 quod
972 702 1026 730 hac
1055 706 1123 731 notu
1151 703 1264 740 siguifi-

147 756 231 781 catur
260 753 288 780 in
318 752 358 788 E,
394 754 601 790 anapaesticum
631 755 689 787 est,
724 753 776 781 sed
805 753 896 781 multa
920 754 1045 790 incerta,
1082 764 1171 791 quare
1201 765 1265 782 eam

147 814 283 832 versuum
307 805 542 842 discriptionem,
566 813 630 841 quae
655 805 683 831 in
707 804 792 833 codd.
818 808 877 839 est,
909 805 1025 833 retinui.
1082 805 1155 834 Tres
1179 806 1265 844 primi

146 856 308 893 septenarii
331 856 501 894 anapaestici
526 856 672 884 videntur.
731 856 873 891 204—5,
901 856 924 883 si
956 858 1185 894 coniunguntur,
1217 867 1266 885 oc-

148 908 278 936 tonarius
301 917 366 935 cum
395 908 575 945 septenario.
633 908 692 935 206
728 908 861 936 senarius
890 909 1093 946 anapaesticus.
1151 909 1211 936 207
1236 906 1287 936 et‘

148 960 207 988 208
232 958 372 988 trochaici
395 959 563 996 septenarii.
610 959 670 987 209
700 962 841 997 anapaest.
865 960 1045 988 octonarius.
1094 960 1152 988 210
1178 969 1266 997 anup.

146 1011 340 1048 septenarius.
399 1010 456 1038 211
494 1009 660 1039 trochaicus
684 1012 862 1039 octonarius.
920 1011 980 1039 212
1015 1010 1157 1040 iambicus
1186 1014 1264 1040 octo-

146 1064 255 1091 narius.
303 1062 360 1090 213
387 1063 580 1099 anapaesticus
603 1063 782 1090 octonarius.
835 1062 893 1090 214
919 1062 1061 1091 iambicus
1085 1063 1264 1091 octonarius.

147 1114 206 1142 215
232 1117 373 1150 auapaest.
399 1114 522 1141 dimeter
545 1113 746 1142 catalecticus,

233 1167 302 1193 201.
327 1165 530 1199 conmentum,
556 1165 590 1193 cf.
616 1166 712 1193 Casin.
738 1166 809 1193 223.
855 1165 993 1194 Amorem
1018 1167 1058 1194 ait
1084 1176 1114 1193 se
1137 1166 1263 1203 primum

147 1220 360 1246 tormentorum
384 1218 514 1244 omnium
539 1217 720 1245 inventorem
745 1220 859 1254 putare.
890 1232 929 1236 —-
962 1219 1032 1252 202,
1057 1218 1093 1246 cf.
1113 1217 1178 1246 Cas.
1194 1218 1264 1245 206.

147 1283 185 1287 -
210 1268 252 1296 De
276 1269 423 1305 scriptura
446 1266 512 1303 „ni“
539 1278 565 1295 v.
585 1267 621 1296 ad
642 1268 730 1296 Most.
752 1269 823 1297 406.
867 1266 949 1303 foris
973 1269 1043 1297 olim
1068 1269 1264 1297 emendatum.

132 1312 182 1340 ⁸—
221 1321 290 1348 203.
332 1319 524 1356 Septenarius
559 1322 688 1354 constet,
728 1321 753 1348 si
788 1324 838 1348 aut
874 1320 1000 1357 ‚‚atque“
1045 1319 1180 1348 deleatur
1215 1323 1266 1347 aut

148 1370 290 1405 „anteeo“
312 1372 438 1408 legatur.
459 1385 500 1390 —
518 1368 760 1400 cruciabilitates
784 1372 839 1400 hoc
862 1382 920 1400 uno
944 1373 1008 1400 loco
1032 1372 1157 1400 Plautus
1182 1371 1263 1406 dicit,

145 1423 253 1461 saepius
280 1421 485 1457 „cruciabilis“
518 1425 547 1450 et
579 1422 828 1458 ,‚cruciubilite1·“.
854 1438 893 1442 ——
924 1424 993 1452 205.
1024 1420 1178 1459 nubilam,
1209 1433 1262 1451 nu-

146 1473 230 1502 bibus
254 1474 428 1506 involutam.
465 1477 509 1509 ut,
545 1473 595 1502 ubi
620 1475 718 1510 simus,
754 1483 831 1511 aegre
855 1476 1078 1513 conspiciamus.
1135 1473 1265 1503 mentem

146 1523 252 1561 animi,
278 1525 313 1554 cf.
337 1525 375 1553 ad
400 1525 486 1563 Epid.
514 1526 582 1554 529.
614 1540 653 1544 —
685 1527 755 1554 207.
791 1523 870 1554 milei
900 1523 1005 1554 otnnia
1029 1523 1157 1564 inqenfz'a
1179 1525 1264 1561 sunt,

147 1578 232 1606 modo
255 1577 310 1606 hoc
327 1577 416 1606 modo
436 1577 509 1605 illud
533 1577 602 1605 mihi
622 1578 770 1614 ingenium
789 1576 853 1606 sive
872 1579 986 1606 animus
1006 1581 1060 1606 est..
1106 1578 1145 1607 Ut
1162 1587 1264 1606 versus

144 1630 338 1668 anapaesticus
362 1628 426 1662 fiat,
463 1628 568 1658 Weis.:
609 1630 668 1664 „itu
699 1630 736 1657 mi
766 1630 864 1657 omnia
888 1640 964 1658 nunc
987 1630 1106 1667 ingenia
1129 1628 1261 1658 insunt“.

145 1695 183 1699 —
208 1677 327 1710 lassum
350 1678 458 1715 (mimi,
483 1681 605 1718 fatigato
629 1683 659 1708 et
684 1681 775 1709 fracto
801 1682 906 1716 animo,
931 1681 967 1710 cf.
991 1681 1058 1710 Ter.
1078 1680 1170 1710 Andr.
1187 1681 1262 1710 304:

148 1734 280 1767 „animus
298 1733 391 1760 lassus
409 1742 479 1760 cura
497 1733 647 1760 confectus
665 1730 795 1770 stupet“.
810 1747 851 1751 —
874 1730 1019 1769 ‚‚a‹lpetit‚
1036 1733 1160 1767 invadit,
1179 1733 1263 1770 petit,

144 1787 177 1813 ut
189 1784 337 1820 gladiator
350 1782 570 1812 adversarium‘·
586 1783 698 1819 Lamb„
714 1784 748 1812 cf.
763 1784 834 1812 Caes.
849 1784 881 1812 B.
891 1784 951 1813 Civ.
964 1784 1000 1819 II,
1017 1785 1069 1812 35:
1094 1784 1265 1820 „humerum

145 1838 280 1874 apertum
311 1835 410 1872 gladio
439 1833 584 1873 appetit“.
641 1835 698 1863 Cic.
723 1845 752 1873 p.
777 1835 862 1864 domo
889 1839 914 1871 5,
949 1837 1000 1864 13:
1037 1846 1085 1871 „se
1115 1835 1265 1874 lapidibus

145 1888 320 1926 appetitum,
345 1887 434 1915 etiam
459 1896 629 1925 percussum
654 1886 747 1915 esse“.
778 1901 818 1905 ·-
853 1888 923 1916 209.
960 1883 1062 1922 lactat,
1093 1887 1195 1922 allicit,
1228 1887 1264 1915 cf.

144 1938 219 1967 Non.
242 1949 270 1977 p.
299 1939 345 1974 16,
371 1939 421 1976 qui
445 1938 573 1976 explicat
599 1938 759 1974 „iuducere
783 1938 829 1967 vel
852 1937 1011 1967 nmlce1·e“.
1037 1954 1076 1957 —
1107 1939 1176 1967 210.
1202 1937 1264 1967 dis-

145 1988 256 2020 suadet
273 1990 342 2018 olim
362 1990 557 2018 emendatum.
604 1987 639 2018 id
655 1989 767 2026 addidi,
792 1992 825 2018 ut
843 1992 1031 2027 septenarius
1050 1993 1210 2019 constaret.
1223 2005 1263 2009 —-

99 2071 103 2075 ,
146 2043 215 2070 211.
251 2039 410 2079 expcm'tur
438 2042 496 2070 iam
532 2041 567 2069 ab
601 2041 730 2079 antiquis
764 2041 929 2069 editoribus
963 2045 1135 2077 correctum,
1171 2052 1197 2070 v.
1227 2042 1265 2070 ad

145 2093 235 2122 Mero.
262 2094 331 2122 758.
373 2092 459 2121 Poen.
488 2093 576 2121 1405.
610 2107 645 2111 —
678 2091 831 2121 seruante-m
860 2096 889 2120 et
919 2095 988 2122 cett.
1012 2092 1098 2121 codd.
1128 2096 1157 2121 et
1186 2094 1216 2121 in
1240 2093 1263 2121 B

145 2145 333 2173 emendatum
357 2148 411 2172 est.
435 2159 476 2163 —-
501 2145 571 2172 212.
596 2151 630 2173 eo
646 2151 786 2181 pessum,
811 2144 846 2172 cf.
871 2145 907 2172 ad
930 2144 996 2173 Aul.
1023 2143 1092 2173 594.

1569 2214 1582 2473 13.-.„*‚-..ae.;;³.⁴.i.-*
1579 2155 1582 2177 .-
