1596 2478
621 169 649 195 V.
669 171 796 196 93—110.
1206 172 1266 200 393

143 266 321 304 patinarum,
358 267 390 293 ut
425 264 530 293 Festus
555 266 572 293 l.
608 267 626 294 l.
685 265 818 294 Eubulus
853 266 881 294 in
911 266 1146 301 Κατακολλωμένῳ
1174 266 1208 292 fr.
1236 266 1267 293 2:

141 318 278 344 πατανίων
307 317 476 353 magnanimum.
509 331 548 335 —
587 318 644 345 103
676 317 762 345 affert.
786 317 917 345 Donatus
947 317 976 344 in
1005 316 1071 345 Ter.
1098 315 1213 344 Phorm.
1240 317 1268 352 2,

142 369 170 402 2,
207 368 256 396 29.
292 382 332 387 —
372 367 429 396 104
465 377 529 404 sqq.
565 364 620 395 hos
655 365 722 396 (lies
756 365 880 404 wadios,
916 367 952 396 ef.
987 367 1093 396 Pseud.
1131 368 1159 395 9.
1191 367 1268 395 infra

143 420 217 448 368:
257 418 407 454 „triduum
443 416 528 446 hoc“.
593 418 654 446 Iam
691 419 807 456 aliquot
840 419 903 446 dies
939 419 981 446 ait
1020 428 1051 446 se
1091 417 1170 455 apud
1205 418 1267 446 Me-

140 470 301 498 naechmum
337 480 395 498 nou
430 478 565 505 cenasse3
601 469 680 498 domi
715 479 831 506 semper
866 469 954 497 fuisse
984 476 1053 498 cum
1081 466 1165 497 caris
1187 465 1265 498 suis.

141 521 204 549 Hoc
239 521 289 559 qui
319 520 412 556 audit,
448 530 568 548 uxorem
604 520 774 558 liberosque
808 521 949 556 intelligit
978 518 1027 557 (cf.
1058 519 1191 548 Laetant.
1217 519 1266 555 VI,

143 571 189 606 12,
220 569 282 609 23),
312 571 362 600 sed
392 571 477 599 simul
507 571 588 599 aliud
619 571 859 608 intelligendum,
890 571 969 609 quod
997 572 1118 608 proprie
1146 571 1183 599 ad
1213 581 1265 609 pa-

142 623 265 650 rasitum
301 623 442 660 pertinet,
479 623 568 660 idque
597 623 732 660 proximo
763 631 850 650 versu
879 622 1036 657 indicatur,
1066 621 1116 649 ubi
1139 631 1170 650 se
1194 622 1267 650 nihil

139 673 226 701 edere
262 673 343 708 dicit,
379 674 433 702 nisi
469 673 548 711 quod
584 674 767 702 carissimum
803 675 857 705 sit,
894 674 912 701 i.
944 683 968 701 e.
1004 674 1132 702 maximo
1166 673 1265 710 pretio

139 727 264 752 constet.
312 724 364 753 His
388 726 480 763 igitur
504 725 616 757 (liebus,
643 724 750 762 quibus
775 723 853 752 ‹lomi
878 715 998 753 cenatus
1022 727 1077 758 est,
1102 734 1159 753 non
1183 734 1266 752 caros

139 775 217 804 domi
242 775 354 810 habuit,
379 776 430 804 sed
455 786 533 810 caru,
559 778 577 804 i.
603 786 626 804 e.
652 776 799 813 pretiosas
823 775 911 804 lautae
941 786 1019 805 cenae
1049 778 1191 816 reliquias
1216 777 1265 813 (cf.

138 827 175 854 ad
188 826 256 854 Cur.
273 824 354 863 321).
393 827 574 864 Principium
598 837 700 855 versus
728 827 784 854 105
810 830 982 864 corruptum
1007 828 1140 864 videtum
1168 829 1267 864 „domi

138 876 286 906 domitus“
312 879 424 914 legitur
442 878 529 907 Lucr.
545 878 577 912 V,
606 879 695 912 1334,
721 878 773 906 sed
797 878 850 906 hoc
874 879 947 906 nihil
971 879 1007 907 ad
1032 889 1094 908 nos.
1136 880 1264 909 Ritsch.:

141 929 245 964 ⁷‚Domi
271 930 338 958 dum
364 930 500 958 dominus
530 927 625 958 sum“.
670 929 809 957 Vahlen-z
849 928 953 964 „Domi
978 931 1146 960 dominatus
1169 932 1265 960 sum‘⁴.

138 978 281 1009 Brixius²
308 978 490 1016 „domitum“
512 981 684 1018 paenultima
707 980 795 1017 longa
810 980 945 1008 Plautum
970 981 1112 1010 formasse
1137 983 1264 1019 putavit,

137 1033 219 1068 quasi
244 1031 322 1060 domi
347 1032 500 1066 inclusum,
524 1033 554 1060 iu
578 1033 666 1059 tertia
697 1032 743 1059 ed.
769 1031 952 1068 Madvigium
983 1035 1120 1061 secutus:
1158 1033 1265 1068 „Domi

137 1083 206 1112 dum
241 1084 353 1111 inuitus
388 1081 484 1118 sum“‚
520 1093 590 1119 ego:
626 1079 725 1111 Domi
755 1079 829 1110 dum
862 1080 950 1111 intus
983 1089 1067 1112 sum:
1093 1094 1156 1112 cum
1181 1084 1265 1112 hiatu

135 1135 277 1170 legitimo.
304 1149 342 1154 —-
371 1135 429 1163 107
453 1133 565 1162 Pareus
589 1133 734 1171 explicat:
773 1133 824 1169 „Id
850 1143 969 1171 quoque
1000 1135 1117 1170 accidit,
1149 1138 1181 1163 ut
1205 1137 1265 1163 cari

85 1185 92 1194 ⁸
136 1185 193 1214 cibi
224 1189 253 1214 et
277 1186 414 1223 dapsiles,
450 1186 500 1222 qui
532 1186 720 1213 instruuntur
749 1185 778 1212 in
810 1195 910 1213 mensa
934 1188 963 1213 et
987 1189 1130 1223 tanquam
1153 1187 1264 1215 milites

136 1237 165 1265 iu
189 1238 252 1265 acie
276 1235 477 1265 eollocantur“
506 1233 595 1272 (conf.
621 1235 705 1273 capt.
734 1237 792 1264 153
817 1232 908 1274 sqq),
942 1237 1129 1272 „desertores
1154 1238 1266 1267 ordinis

135 1288 180 1316 sui
205 1297 267 1315 esse
291 1288 435 1325 incipiant
467 1298 518 1316 uec
542 1288 638 1316 locum
669 1286 854 1315 obtineant“.
909 1287 1089 1325 Principium
1117 1289 1169 1323 „Id
1194 1299 1266 1326 quo-

136 1349 192 1376 que
226 1338 302 1367 iam“
341 1339 462 1367 Vahlen.
498 1338 562 1367 Iud.
598 1338 666 1367 lect.
703 1338 799 1367 Berol.
838 1339 918 1366 1880
949 1349 978 1376 p.
1005 1339 1022 1366 7
1053 1339 1201 1375 defendit3
1237 1343 1266 1368 et

134 1392 327 1428 grammatica
351 1391 471 1427 quidem
502 1391 638 1418 iunctura
670 1400 727 1418 uon
752 1389 960 1427 improbabilis
984 1393 1038 1425 est,
1070 1390 1121 1418 sed
1152 1391 1265 1428 logicus

135 1443 349 1470 sententiarum
363 1451 454 1469 nexus
474 1440 587 1477 deficit,
611 1450 702 1478 quare
727 1451 791 1468 cum
806 1440 906 1468 Brixio
927 1440 1119 1469 Ritsehelium
1147 1445 1265 1470 secutus

135 1493 256 1530 scripsi:
282 1490 347 1522 Sea
369 1490 527 1530 quoniam.
554 1507 594 1512 -—
628 1493 696 1520 108.
721 1490 764 1520 ad
786 1498 855 1520 eum
880 1488 989 1524 inviso,
1014 1492 1049 1520 cf.
1074 1492 1166 1521 Mero.
1193 1493 1263 1522 547.

135 1543 226 1572 Stich.
253 1545 302 1572 69.

224 1596 292 1623 110.
338 1595 536 1623 Menaechmus
560 1594 647 1623 domo
660 1595 729 1623 exit.
755 1595 847 1630 Quem
865 1596 1024 1632 postquam
1042 1604 1117 1623 uxor
1135 1596 1264 1624 retinere

135 1648 248 1681 conata,
285 1655 342 1683 quo
378 1649 434 1681 eat,
470 1647 594 1683 rogavit,
631 1646 806 1682 gravissimo
842 1656 904 1674 eam
935 1646 1068 1674 convicio
1092 1647 1264 1681 insectatur,

134 1700 167 1726 ut
191 1698 252 1725 fere
276 1697 417 1734 homines,
444 1707 517 1735 quos
542 1698 605 1726 iure
629 1697 769 1734 obiurges
793 1700 822 1725 et
846 1696 960 1734 aliquid
985 1697 1145 1734 deliquisse
1169 1700 1264 1736 suspi-

133 1749 219 1784 ceris,
244 1750 327 1787 quasi
353 1750 461 1777 iniuria
486 1749 590 1777 offensi
615 1748 785 1786 opprobriis
809 1758 840 1776 se
865 1747 1023 1776 defendere
1047 1748 1151 1776 solent.
1211 1749 1265 1778 Hic

134 1809 203 1828 vero
244 1801 424 1837 gravissimae
465 1800 520 1828 sibi
562 1800 658 1829 noxiae
699 1800 834 1828 conscius
869 1802 942 1828 erat.
999 1799 1152 1828 Meretrici
1186 1800 1263 1828 enim

134 1851 244 1889 pallam
274 1853 377 1880 uxoris
407 1852 488 1880 furto
518 1851 690 1889 subreptam
722 1851 798 1879 dono
823 1850 948 1879 daturus
972 1853 1045 1885 erat,
1071 1860 1204 1888 eamque,
1228 1861 1265 1879 ue

134 1903 200 1939 quis
235 1903 358 1938 videret,
394 1903 458 1941 ipse
492 1903 630 1931 induerat
665 1912 776 1940 suoque
810 1902 904 1939 pullio
938 1904 1045 1930 tectam
1074 1901 1205 1939 gerebat.
1235 1913 1262 1931 v.

138 1955 194 1982 189
220 1964 284 1991 sqq.
319 1969 358 1972 —
387 1954 500 1982 Cantici
524 1954 640 1982 numeri
666 1953 694 1981 hi
718 1955 796 1982 sunt.
847 1954 904 1981 110
930 1955 1104 1981 tetrameter
1127 1953 1263 1988 creticus,

136 2005 187 2034 sed
222 2010 284 2033 tres
317 2005 409 2042 pedes
444 2005 608 2034 choriambi
638 2008 715 2033 suut.
777 2005 833 2033 111
874 2005 1054 2042 compositus
1083 2013 1118 2032 ex
1148 2004 1263 2032 duobus

134 2056 269 2085 dimetris
303 2057 464 2085 'trochaicis
499 2057 692 2085 catalectici&
749 2056 913 2083 112—113
950 2055 1117 2083 tetrametri
1152 2056 1262 2090 cretici,

137 2108 195 2136 114
228 2108 411 2146 compositus
454 2118 489 2136 ex
524 2107 640 2136 duobus
676 2107 809 2135 dimetris
851 2107 1039 2145 auapaesticis
1074 2106 1262 2141 catalwticis,
