1596 2478
285 172 347 201 244
773 169 916 203 Epidicus.

286 275 349 294 eam
374 265 477 294 vendit
499 269 529 293 et
552 265 645 293 tradit
668 265 769 299 militi,
803 267 854 302 qui
885 275 974 303 quum
1002 276 1065 294 eam
1094 275 1150 295 non
1179 268 1334 303 agnoscat,
1369 265 1405 293 ab

285 316 412 354 Epidico
435 326 466 344 se
489 316 645 353 deceptum
669 325 732 343 esee
760 316 908 353 intelligit.
963 317 1037 345 Tum
1060 317 1213 354 Philippa,
1249 317 1406 354 peregrina

286 367 336 395 illa
371 367 492 401 mulier,
527 377 562 394 ex
597 376 655 403 qua
688 366 870 404 Periphanes
903 367 992 396 filiam
1027 371 1211 405 susceperat,
1248 371 1404 404 postquam

286 428 317 445 rc
351 428 419 446 vora
453 420 540 454 capto
575 416 685 454 oppido
719 416 809 445 filiam
845 418 957 453 amisit,
994 418 1125 446 Athenas
1160 419 1241 446 venit
1275 418 1405 455 puellam

286 478 429 505 quaere-ns.
486 468 557 502 Quae
590 467 640 495 ubi
669 467 829 505 Periphaui
863 469 980 497 obviam
1015 469 1092 496 sacta
1127 471 1172 496 est
1205 471 1234 496 et
1268 469 1346 496 inter
1374 478 1405 496 se

287 521 487 555 agnoverunt.
517 528 630 547 summa
660 528 724 546 cum
754 519 858 547 laetitia
881 529 945 546 eum
969 520 1026 547 iam
1050 519 1140 547 filiam
1164 519 1219 547 sibi
1245 521 1405 547 mercatum

286 579 349 597 esse
372 569 464 602 audit,
495 569 545 597 sed
570 569 726 606 producta,
756 579 842 607 quam
865 579 920 608 pro
943 569 1003 597 filia
1026 569 1103 597 domi
1128 569 1226 601 habet,
1249 569 1405 606 Acropoli-

286 619 362 647 stide
386 619 519 653 fidicina,
550 629 631 647 suam
657 629 720 648 esse
744 623 847 657 negat,
877 623 908 648 et
936 631 1025 649 senex
1052 630 1084 648 se
1113 621 1142 648 in
1166 621 1266 658 priore
1289 629 1407 657 quoque

287 671 436 707 emptione
459 671 613 708 deceptum
638 681 700 699 csse
724 670 814 699 videt.
861 671 925 706 Quo
949 671 1027 699 facto
1051 671 1118 698 dum
1137 671 1232 698 iratus
1250 671 1406 707 Epidicum

286 722 403 758 quaerit,
427 724 459 748 ut
483 731 549 748 eum
574 722 702 749 maximo
733 722 879 759 supplicio
907 722 1033 754 afficiat,
1064 723 1179 749 interim
1210 723 1406 757 argentarius.

287 772 370 799 cuius
393 782 483 809 opera
507 775 535 799 et
559 773 683 808 pecunia
706 772 806 810 puella
830 783 865 800 ex
887 773 988 810 praeda
1012 775 1109 810 empta
1133 776 1206 808 erat,
1237 783 1298 800 eam
1323 772 1405 801 Stra-

286 823 411 860 tippocli
447 822 577 850 adducit.
633 822 689 850 Est
716 826 815 851 autem
844 833 878 851 ea
908 825 972 860 ipsa
1002 823 1146 861 Philippae
1175 826 1205 851 et
1234 823 1407 861 Periphanis

286 873 360 905 filia.
389 876 418 901 et
442 873 599 910 Epidicus,
628 874 678 910 qui
707 874 775 901 olim
806 884 870 902 cum
900 874 984 902 donis
1008 873 1045 901 ad
1068 883 1132 902 eam
1156 884 1173 901 a
1195 877 1279 912 patre
1302 875 1407 902 missus

287 928 362 959 erat,
387 934 450 952 eam
475 925 617 960 agnoscit.
669 926 730 959 Qua
763 935 793 952 re
825 925 1029 952 animadversa
1053 924 1168 953 abiecto
1197 925 1277 953 omni
1300 925 1407 952 timore

286 979 397 1003 certam
421 976 552 1002 victoriae
576 985 658 1012 spem
682 976 811 1012 concipit
833 978 871 1009 et,
903 976 986 1012 quasi
1010 985 1064 1003 sua
1086 985 1177 1012 opera
1199 978 1230 1003 et
1252 975 1408 1012 diligentia

287 1023 406 1064 reperta
434 1027 474 1054 sit
503 1025 564 1053 filia
587 1026 776 1062 Periphanai,
808 1035 865 1054 non
894 1036 979 1063 pcena
1008 1026 1060 1054 sed
1088 1027 1210 1064 praemio
1233 1036 1263 1053 se
1286 1026 1407 1062 dignum

286 1078 367 1110 dit-it,
387 1080 418 1104 et
435 1087 451 1103 a
469 1077 580 1104 stolido
599 1086 668 1104 sene
687 1077 856 1104 libertatem
876 1077 986 1105 additis
1004 1077 1094 1104 etiam
1107 1077 1226 1105 cibariis
1238 1079 1406 1113 extorquet.

373 1127 517 1155 Fabulam
548 1136 653 1161 magna
682 1127 833 1155 hilaritate
862 1128 1004 1164 insignem
1035 1127 1132 1155 Plauti
1162 1127 1324 1164 aequalibus
1354 1127 1406 1155 ad-

287 1179 405 1207 modum
429 1178 585 1216 placuisse,
610 1179 743 1206 novimus
767 1188 803 1206 ex
826 1178 932 1206 Bacch.
958 1180 1016 1207 211
1043 1188 1103 1216 sq.:

329 1229 428 1257 Etiam
446 1228 612 1266 Epidicum,
636 1238 723 1266 quam
742 1238 796 1265 ego
820 1229 948 1257 fabulam
973 1239 1065 1267 aeque
1089 1239 1121 1257 ac
1145 1239 1190 1257 me
1213 1230 1307 1266 ipsum
1331 1239 1405 1264 amo,

329 1280 448 1308 Nullam
471 1289 564 1317 aeque
587 1280 698 1307 inuitus
721 1283 830 1317 specto,
854 1281 878 1308 si
902 1281 964 1316 agit
987 1279 1089 1308 Pellio.

286 1331 408 1359 Poetam
433 1331 527 1368 ipsum
553 1331 627 1358 hanc
649 1330 777 1358 fabulam
801 1331 908 1359 ceteris
928 1331 1101 1368 praetulisse‚
1132 1340 1167 1359 ex
1190 1321 1250 1359 illis
1272 1331 1406 1359 versibus

287 1382 361 1410 effici
390 1391 448 1409 non
477 1384 589 1419 potest,
626 1391 684 1410 nou
714 1391 773 1419 quo
803 1381 949 1417 dubitem,
984 1382 1055 1419 quin
1085 1382 1178 1418 ipsius
1206 1382 1304 1410 Plauti
1334 1382 1405 1412 sint.

285 1433 336 1461 sed
367 1442 420 1460 nec
449 1432 521 1459 illud
551 1432 654 1460 dicunt
685 1443 737 1460 nec
767 1432 802 1460 ab
833 1433 898 1470 ipso
921 1435 1011 1470 pocta
1034 1433 1279 1470 pronuntiantur,
1309 1431 1359 1460 sed
1389 1442 1405 1460 a

286 1484 429 1519 Chrysalo
463 1493 563 1519 servo,
599 1493 658 1520 quo
688 1493 772 1511 nemo
802 1484 896 1519 magis
925 1483 1079 1521 Epidicum
1109 1484 1271 1511 aemulatur.
1327 1483 1405 1511 Illud

286 1534 424 1568 efficitur,
449 1534 595 1571 placuisse
619 1534 750 1562 fabulam
774 1537 804 1562 et
826 1535 891 1572 ipso
909 1534 1015 1562 Plauto
1039 1535 1157 1562 vivente
1179 1535 1287 1571 saepius
1309 1537 1405 1562 actam

286 1595 360 1613 esse.
406 1584 490 1619 Quod
514 1585 537 1611 si
562 1586 590 1612 in
616 1594 646 1612 re
670 1595 814 1622 perquam
834 1585 933 1621 dubia,
957 1585 1026 1622 quid
1047 1586 1214 1623 suspiceris,
1239 1584 1405 1621 significare

286 1637 368 1669 licet,
400 1635 554 1672 Epidicum
579 1645 637 1663 non
661 1636 754 1664 solum
779 1640 847 1664 ante
870 1635 1030 1664 Bacchides
1054 1637 1210 1673 scriptam,
1241 1636 1291 1663 sed
1315 1637 1403 1664 etiam

286 1688 364 1714 inter
386 1688 497 1723 primas
516 1686 614 1714 Plauti
639 1687 754 1715 fabulas
777 1690 806 1715 et
829 1687 865 1715 ab
889 1687 1076 1715 adulescente
1099 1690 1189 1723 poeta
1213 1686 1318 1715 factam
1342 1696 1404 1714 esse

285 1737 474 1765 crediderim.
526 1737 608 1764 Artis
638 1739 713 1765 enim
737 1738 866 1766 nondum
890 1738 1030 1775 perfectae
1053 1738 1181 1773 vestigia
1201 1737 1248 1765 hic
1272 1737 1331 1765 illic
1355 1747 1404 1774 ap-

285 1798 389 1825 parere
412 1788 560 1816 videntur.

371 1838 452 1866 Inter
480 1838 571 1866 dubia
598 1839 686 1866 huius
713 1841 867 1867 sententiae
895 1842 1071 1875 argumenta
1095 1840 1183 1867 etiam
1208 1838 1338 1866 brevitas
1360 1839 1402 1866 fa-

286 1890 360 1917 bulae
395 1889 493 1917 afferri
528 1890 630 1926 possit.
689 1890 771 1917 Hanc
805 1891 880 1918 enim
915 1891 971 1927 ipsi
1003 1889 1108 1918 Plauto
1138 1891 1285 1927 imputare
1320 1889 1405 1924 malo,

285 1950 372 1977 quam
396 1944 425 1967 ut
453 1940 613 1968 histriones
636 1940 763 1976 credam,
795 1950 884 1978 quum
915 1940 1044 1968 fabulam
1070 1943 1173 1978 postea
1197 1942 1403 1975 retractarent,

285 2001 319 2018 ex
351 1991 484 2025 longiore
515 1991 677 2019 breviorem
709 1992 823 2025 fecisse,
858 1992 970 2029 quippe
1000 2001 1074 2028 quos
1104 1991 1278 2029 plerumque
1301 1994 1404 2019 contra

285 2042 380 2078 egissw
404 2042 571 2071 videamus.
601 2046 634 2069 ut
657 2042 813 2070 inutilibus
837 2042 1048 2069 additamentis
1071 2046 1102 2070 et
1124 2042 1202 2069 inani
1226 2041 1404 2078 loquacitate

285 2093 421 2120 Plautum
453 2092 677 2130 amplificarent.
735 2093 764 2121 Si
800 2094 866 2130 quis
897 2097 993 2120 nutem
1024 2097 1124 2130 partes
1153 2093 1268 2129 aliquus
1298 2092 1404 2121 fabulae
