1596 2478
367 235 407 265 52

872 231 963 260 Plauti
1267 235 1318 266 111,
1337 236 1360 268 5,
1379 236 1480 263 30—88

804 328 1039 360 Pardalisca

450 382 565 414 Habet.

804 441 1040 483 Lysidamus

612 495 650 526 Ei
675 496 792 527 misero
817 496 908 528 mihi!
955 495 1020 527 Cur
1044 507 1116 527 eum
1141 496 1261 528 habet?
1427 506 1478 531 635

803 564 1039 596 Pardalisca

448 618 632 650 Insectatur
655 619 756 649 omnis
780 618 865 650 domi
890 629 946 658 per
969 619 1058 650 aedis

448 674 512 703 Nec
536 682 732 713 quemquam
756 682 854 713 prope
878 672 918 704 ad
945 683 978 704 se
1001 673 1075 703 sinit
1101 672 1200 704 adire.

447 726 498 757 Ita
521 736 631 757 omnes
655 726 715 757 sub
739 727 834 762 arcis,
859 726 918 757 sub
944 726 1035 758 lectis
1061 727 1198 758 latentes

447 780 534 811 Metu
558 781 742 812 mussitant.

801 831 1036 880 Lysidamus

793 893 904 926 Occidi
928 898 1027 935 atque
1051 894 1168 925 interii.

445 947 530 985 Quid
555 948 602 979 illi
626 948 823 980 obiectumst
848 948 921 979 mali
946 952 1012 979 tam
1035 949 1190 988 repente?
1424 958 1474 984 640

799 1016 1034 1048 Pardalisca

445 1070 579 1101 Insanit.

798 1124 1029 1165 Lysidamus

625 1178 905 1210 Scelestissumum
930 1188 980 1209 me
1003 1189 1074 1210 esse
1097 1178 1202 1209 credo.

798 1246 1034 1278 Pardalisca

445 1300 544 1332 Immo
570 1301 596 1332 si
620 1301 714 1339 scias,
739 1301 828 1332 dicta
850 1311 934 1342 quae
958 1300 1040 1332 dixit
1064 1300 1167 1331 hodie.

797 1360 1028 1401 Lysidamus

443 1413 532 1445 Istuc
557 1418 672 1455 expeto
697 1415 787 1453 scire,
811 1414 890 1456 quid
915 1414 1005 1445 dixit.

795 1474 1033 1506 Pardalisca

1055 1528 1146 1559 Audi.

442 1581 503 1613 Per
526 1592 636 1613 omnes
660 1582 738 1613 deos
761 1587 794 1613 et
817 1582 895 1614 deas
920 1582 1081 1613 deierauit

440 1636 626 1668 occisuram
651 1646 723 1667 eum
748 1636 809 1667 hac
833 1640 926 1668 nocte
951 1637 1080 1677 quicum
1105 1635 1248 1667 cubaret.
1417 1644 1467 1670 645

789 1696 1004 1736 Lysidamu
1017 1707 1031 1727 s

440 1750 490 1782 Me
514 1749 661 1781 occidet?

788 1809 1030 1841 Pardalisca

685 1864 732 1894 An
757 1864 922 1905 quippiam
947 1864 988 1895 ad
1013 1868 1043 1895 te
1068 1863 1212 1894 adtinet?

792 1923 1028 1964 Lysidamus

1259 1977 1341 2008 Uah!

436 2089 485 2113 635
504 2096 552 2113 cor
571 2089 587 2114 1
663 2089 714 2114 638
732 2088 822 2114 archis
842 2088 859 2114 Ι
933 2087 1074 2114 sublectus
1094 2086 1122 2113 E
1202 2088 1254 2113 640
1272 2087 1408 2113 maliciam
1429 2087 1462 2119 B,

354 2131 448 2156 manin
468 2130 501 2163 E,
521 2131 646 2157 maliciae
666 2132 682 2157 1
819 2131 869 2157 642
888 2131 1056 2156 iniinosicias
1079 2129 1106 2155 E
1234 2131 1284 2156 «543
1304 2135 1419 2164 expecto
1440 2130 1465 2156 B

352 2174 402 2198 644
421 2172 558 2199 deiurauit
627 2174 676 2199 645
696 2174 870 2200 Oeensem-um
890 2172 965 2199 BIE
