<?xml version="1.0" encoding="UTF-8"?>
<!DOCTYPE html PUBLIC "-//W3C//DTD XHTML 1.0 Transitional//EN"
    "http://www.w3.org/TR/xhtml1/DTD/xhtml1-transitional.dtd">
<html xmlns="http://www.w3.org/1999/xhtml" xml:lang="en" lang="en">
 <head>
  <title>
</title>
<meta http-equiv="Content-Type" content="text/html;charset=utf-8" />
  <meta name='ocr-system' content='tesseract 3.04.00' />
  <meta name='ocr-capabilities' content='ocr_page ocr_carea ocr_par ocr_line ocrx_word'/>
</head>
<body>
  <div class='ocr_page' id='page_1' title='image "./comoediaerecensu03plauuoft_0530.png"; bbox 0 0 1596 2478; ppageno 0'>
   <div class='ocr_carea' id='block_1_1' title="bbox 280 146 926 178">
    <p class='ocr_par' dir='ltr' id='par_1_1' title="bbox 280 146 926 178">
     <span class='ocr_line' id='line_1_1' title="bbox 280 146 926 178; baseline -0.002 -5"><span class='ocrx_word' id='word_1_1' title='bbox 280 149 298 178; x_wconf 84' lang='lat'>3</span> <span class='ocrx_word' id='word_1_2' title='bbox 304 151 317 178; x_wconf 88' lang='lat'>1</span> <span class='ocrx_word' id='word_1_3' title='bbox 323 149 341 178; x_wconf 86' lang='lat'>2</span> <span class='ocrx_word' id='word_1_4' title='bbox 747 146 926 172; x_wconf 77' lang='lat' dir='ltr'>Mostellaria.</span> 
     </span>
    </p>
   </div>
   <div class='ocr_carea' id='block_1_2' title="bbox 276 239 1408 689">
    <p class='ocr_par' dir='ltr' id='par_1_2' title="bbox 276 239 1408 689">
     <span class='ocr_line' id='line_1_2' title="bbox 279 239 1403 281; baseline -0.004 -7"><span class='ocrx_word' id='word_1_5' title='bbox 279 245 389 274; x_wconf 86' lang='lat' dir='ltr'>tortius</span> <span class='ocrx_word' id='word_1_6' title='bbox 412 245 545 280; x_wconf 55' lang='lat' dir='ltr'>dicatum</span> <span class='ocrx_word' id='word_1_7' title='bbox 570 246 670 281; x_wconf 81' lang='lat' dir='ltr'>itaque</span> <span class='ocrx_word' id='word_1_8' title='bbox 691 240 856 272; x_wconf 62' lang='lat' dir='ltr'>wnidiffate</span> <span class='ocrx_word' id='word_1_9' title='bbox 877 243 991 280; x_wconf 77' lang='lat' dir='ltr'>scripsi.</span> <span class='ocrx_word' id='word_1_10' title='bbox 1011 257 1052 262; x_wconf 87' lang='lat'><strong>—</strong></span> <span class='ocrx_word' id='word_1_11' title='bbox 1070 239 1177 272; x_wconf 75' lang='lat' dir='ltr'>uideor</span> <span class='ocrx_word' id='word_1_12' title='bbox 1199 252 1253 271; x_wconf 86' lang='lat' dir='ltr'>em.</span> <span class='ocrx_word' id='word_1_13' title='bbox 1273 242 1403 278; x_wconf 83' lang='lat' dir='ltr'>Csmer.;</span> 
     </span>
     <span class='ocr_line' id='line_1_3' title="bbox 281 291 1404 333; baseline -0.003 -9"><span class='ocrx_word' id='word_1_14' title='bbox 281 296 373 333; x_wconf 80' lang='lat' dir='ltr'>Bugg.</span> <span class='ocrx_word' id='word_1_15' title='bbox 402 299 452 330; x_wconf 88' lang='lat' dir='ltr'>„ut</span> <span class='ocrx_word' id='word_1_16' title='bbox 475 304 533 323; x_wconf 91' lang='lat' dir='ltr'>non</span> <span class='ocrx_word' id='word_1_17' title='bbox 558 291 680 322; x_wconf 83' lang='lat' dir='ltr'>uidear‘⁴</span> <span class='ocrx_word' id='word_1_18' title='bbox 707 294 840 331; x_wconf 53' lang='grc' dir='ltr'>εει-ἱρείη</span> <span class='ocrx_word' id='word_1_19' title='bbox 875 294 926 322; x_wconf 77' lang='lat' dir='ltr'>sed</span> <span class='ocrx_word' id='word_1_20' title='bbox 954 295 984 322; x_wconf 92' lang='lat' dir='ltr'>in</span> <span class='ocrx_word' id='word_1_21' title='bbox 1016 293 1126 323; x_wconf 84' lang='lat' dir='ltr'>talibus</span> <span class='ocrx_word' id='word_1_22' title='bbox 1150 293 1404 322; x_wconf 74' lang='lat' dir='ltr'><strong>enuntiationibus</strong></span> 
     </span>
     <span class='ocr_line' id='line_1_4' title="bbox 281 344 1402 382; baseline -0.003 -7"><span class='ocrx_word' id='word_1_23' title='bbox 281 346 403 375; x_wconf 82' lang='lat' dir='ltr'>Plautus</span> <span class='ocrx_word' id='word_1_24' title='bbox 431 346 557 375; x_wconf 80' lang='lat' dir='ltr'>solutam</span> <span class='ocrx_word' id='word_1_25' title='bbox 589 345 752 374; x_wconf 83' lang='lat' dir='ltr'>orationem</span> <span class='ocrx_word' id='word_1_26' title='bbox 776 347 870 380; x_wconf 77' lang='lat' dir='ltr'>amat,</span> <span class='ocrx_word' id='word_1_27' title='bbox 906 355 932 373; x_wconf 91' lang='lat' dir='ltr'>v.</span> <span class='ocrx_word' id='word_1_28' title='bbox 957 344 994 372; x_wconf 82' lang='lat' dir='ltr'>nd</span> <span class='ocrx_word' id='word_1_29' title='bbox 1017 344 1122 382; x_wconf 82' lang='lat' dir='ltr'>Amph.</span> <span class='ocrx_word' id='word_1_30' title='bbox 1147 345 1218 373; x_wconf 78' lang='grc'>952.</span> <span class='ocrx_word' id='word_1_31' title='bbox 1283 359 1296 364; x_wconf 88' lang='grc'><strong>-</strong></span> <span class='ocrx_word' id='word_1_32' title='bbox 1334 344 1402 373; x_wconf 80' lang='lat'>143.</span> 
     </span>
     <span class='ocr_line' id='line_1_5' title="bbox 276 392 1405 435; baseline -0.003 -9"><span class='ocrx_word' id='word_1_33' title='bbox 276 398 447 435; x_wconf 71' lang='lat' dir='ltr'><em>perpetuae</em></span> <span class='ocrx_word' id='word_1_34' title='bbox 469 397 523 433; x_wconf 87' lang='lat' dir='ltr'>(sic</span> <span class='ocrx_word' id='word_1_35' title='bbox 546 397 623 424; x_wconf 86' lang='lat' dir='ltr'>enim</span> <span class='ocrx_word' id='word_1_36' title='bbox 648 398 727 424; x_wconf 79' lang='lat' dir='ltr'>recte</span> <span class='ocrx_word' id='word_1_37' title='bbox 750 395 795 424; x_wconf 83' lang='lat' dir='ltr'>ed.</span> <span class='ocrx_word' id='word_1_38' title='bbox 819 392 898 433; x_wconf 61' lang='lat' dir='ltr'>pra),</span> <span class='ocrx_word' id='word_1_39' title='bbox 924 396 941 424; x_wconf 89' lang='lat' dir='ltr'>i.</span> <span class='ocrx_word' id='word_1_40' title='bbox 965 406 990 424; x_wconf 83' lang='lat' dir='ltr'>e.</span> <span class='ocrx_word' id='word_1_41' title='bbox 1014 396 1187 431; x_wconf 85' lang='lat' dir='ltr'>continuae,</span> <span class='ocrx_word' id='word_1_42' title='bbox 1218 405 1274 424; x_wconf 89' lang='lat' dir='ltr'>vox</span> <span class='ocrx_word' id='word_1_43' title='bbox 1297 396 1327 423; x_wconf 89' lang='lat' dir='ltr'>in</span> <span class='ocrx_word' id='word_1_44' title='bbox 1350 395 1405 423; x_wconf 81' lang='lat' dir='ltr'>tali</span> 
     </span>
     <span class='ocr_line' id='line_1_6' title="bbox 283 445 1404 485; baseline -0.002 -8"><span class='ocrx_word' id='word_1_45' title='bbox 283 460 314 477; x_wconf 81' lang='lat' dir='ltr'>re</span> <span class='ocrx_word' id='word_1_46' title='bbox 338 449 442 477; x_wconf 86' lang='lat' dir='ltr'>Plauto</span> <span class='ocrx_word' id='word_1_47' title='bbox 467 447 631 482; x_wconf 72' lang='lat' dir='ltr'>familiaris,</span> <span class='ocrx_word' id='word_1_48' title='bbox 657 447 692 475; x_wconf 87' lang='lat' dir='ltr'>cf.</span> <span class='ocrx_word' id='word_1_49' title='bbox 710 448 827 485; x_wconf 85' lang='lat' dir='ltr'>„perire</span> <span class='ocrx_word' id='word_1_50' title='bbox 850 445 1016 485; x_wconf 82' lang='lat' dir='ltr'>perpetuo“</span> <span class='ocrx_word' id='word_1_51' title='bbox 1043 447 1120 475; x_wconf 73' lang='lat' dir='ltr'>infra</span> <span class='ocrx_word' id='word_1_52' title='bbox 1133 448 1203 476; x_wconf 85' lang='lat'>539.</span> <span class='ocrx_word' id='word_1_53' title='bbox 1240 446 1319 475; x_wconf 84' lang='lat' dir='ltr'>Pers.</span> <span class='ocrx_word' id='word_1_54' title='bbox 1334 447 1404 475; x_wconf 82' lang='lat'>280.</span> 
     </span>
     <span class='ocr_line' id='line_1_7' title="bbox 282 496 1407 536; baseline -0.003 -8"><span class='ocrx_word' id='word_1_55' title='bbox 282 500 350 528; x_wconf 79' lang='lat' dir='ltr'>Ter.</span> <span class='ocrx_word' id='word_1_56' title='bbox 374 499 429 528; x_wconf 89' lang='lat' dir='ltr'>Ad.</span> <span class='ocrx_word' id='word_1_57' title='bbox 455 499 526 534; x_wconf 85' lang='grc'>283,</span> <span class='ocrx_word' id='word_1_58' title='bbox 550 501 602 526; x_wconf 84' lang='lat' dir='ltr'>aut</span> <span class='ocrx_word' id='word_1_59' title='bbox 627 499 676 533; x_wconf 76' lang='lat' dir='ltr'>„in</span> <span class='ocrx_word' id='word_1_60' title='bbox 699 501 876 536; x_wconf 83' lang='lat' dir='ltr'>perpetuum</span> <span class='ocrx_word' id='word_1_61' title='bbox 902 496 1037 526; x_wconf 81' lang='lat' dir='ltr'>modu1n“</span> <span class='ocrx_word' id='word_1_62' title='bbox 1065 497 1141 525; x_wconf 77' lang='lat' dir='ltr'>infru</span> <span class='ocrx_word' id='word_1_63' title='bbox 1165 499 1234 526; x_wconf 89' lang='lat'>525.</span> <span class='ocrx_word' id='word_1_64' title='bbox 1262 497 1350 526; x_wconf 86' lang='lat'>1020.</span> <span class='ocrx_word' id='word_1_65' title='bbox 1366 511 1407 516; x_wconf 93' lang='grc'>--</span> 
     </span>
     <span class='ocr_line' id='line_1_8' title="bbox 287 548 1405 588; baseline -0.003 -9"><span class='ocrx_word' id='word_1_66' title='bbox 287 551 355 580; x_wconf 91' lang='lat'>144.</span> <span class='ocrx_word' id='word_1_67' title='bbox 383 548 497 585; x_wconf 79' lang='lat' dir='ltr'>,‚Quin“</span> <span class='ocrx_word' id='word_1_68' title='bbox 531 550 626 588; x_wconf 83' lang='lat' dir='ltr'>repeti</span> <span class='ocrx_word' id='word_1_69' title='bbox 658 558 715 578; x_wconf 90' lang='lat' dir='ltr'>non</span> <span class='ocrx_word' id='word_1_70' title='bbox 746 550 860 586; x_wconf 85' lang='lat' dir='ltr'>potuit;</span> <span class='ocrx_word' id='word_1_71' title='bbox 897 548 1007 577; x_wconf 83' lang='lat' dir='ltr'>Ritsch.</span> <span class='ocrx_word' id='word_1_72' title='bbox 1032 548 1158 583; x_wconf 80' lang='lat' dir='ltr'>delevit3</span> <span class='ocrx_word' id='word_1_73' title='bbox 1193 548 1244 576; x_wconf 85' lang='lat' dir='ltr'>sed</span> <span class='ocrx_word' id='word_1_74' title='bbox 1269 548 1405 576; x_wconf 81' lang='lat' dir='ltr'>emenda-</span> 
     </span>
     <span class='ocr_line' id='line_1_9' title="bbox 283 597 1408 638; baseline -0.003 -8"><span class='ocrx_word' id='word_1_75' title='bbox 283 603 394 630; x_wconf 82' lang='lat' dir='ltr'><strong>tionem</strong></span> <span class='ocrx_word' id='word_1_76' title='bbox 423 601 556 630; x_wconf 81' lang='lat' dir='ltr'>absoluit</span> <span class='ocrx_word' id='word_1_77' title='bbox 579 601 728 638; x_wconf 75' lang='lat' dir='ltr'>Buggiu83</span> <span class='ocrx_word' id='word_1_78' title='bbox 762 610 853 637; x_wconf 91' lang='lat' dir='ltr'>quum</span> <span class='ocrx_word' id='word_1_79' title='bbox 883 600 960 628; x_wconf 87' lang='lat' dir='ltr'>euim</span> <span class='ocrx_word' id='word_1_80' title='bbox 988 597 1095 636; x_wconf 79' lang='lat' dir='ltr'>„quin“</span> <span class='ocrx_word' id='word_1_81' title='bbox 1127 600 1162 628; x_wconf 76' lang='lat' dir='ltr'>ab</span> <span class='ocrx_word' id='word_1_82' title='bbox 1192 600 1256 637; x_wconf 85' lang='lat' dir='ltr'>ipso</span> <span class='ocrx_word' id='word_1_83' title='bbox 1286 599 1408 627; x_wconf 80' lang='lat' dir='ltr'>librario</span> 
     </span>
     <span class='ocr_line' id='line_1_10' title="bbox 284 650 1408 689; baseline -0.003 -8"><span class='ocrx_word' id='word_1_84' title='bbox 284 655 448 681; x_wconf 83' lang='lat' dir='ltr'>correctum</span> <span class='ocrx_word' id='word_1_85' title='bbox 469 654 554 687; x_wconf 83' lang='lat' dir='ltr'>esset,</span> <span class='ocrx_word' id='word_1_86' title='bbox 580 652 635 680; x_wconf 91' lang='lat' dir='ltr'>hoc</span> <span class='ocrx_word' id='word_1_87' title='bbox 657 658 726 680; x_wconf 80' lang='lat' dir='ltr'>oum</span> <span class='ocrx_word' id='word_1_88' title='bbox 749 654 847 679; x_wconf 77' lang='lat' dir='ltr'>autem</span> <span class='ocrx_word' id='word_1_89' title='bbox 872 651 946 678; x_wconf 79' lang='lat' dir='ltr'>alter</span> <span class='ocrx_word' id='word_1_90' title='bbox 966 650 1105 679; x_wconf 80' lang='lat' dir='ltr'>librarius</span> <span class='ocrx_word' id='word_1_91' title='bbox 1123 661 1177 689; x_wconf 81' lang='lat' dir='ltr'>pro</span> <span class='ocrx_word' id='word_1_92' title='bbox 1197 651 1408 688; x_wconf 84' lang='lat' dir='ltr'>praepositiono</span> 
     </span>
    </p>
   </div>
   <div class='ocr_carea' id='block_1_3' title="bbox 244 702 1408 741">
    <p class='ocr_par' dir='ltr' id='par_1_3' title="bbox 244 702 1408 741">
     <span class='ocr_line' id='line_1_11' title="bbox 244 702 1408 741; baseline -0.003 -9"><span class='ocrx_word' id='word_1_93' title='bbox 244 706 248 710; x_wconf 89' lang='lat'>&#39;</span> <span class='ocrx_word' id='word_1_94' title='bbox 285 704 469 740; x_wconf 76' lang='lat' dir='ltr'>sumpsisset,</span> <span class='ocrx_word' id='word_1_95' title='bbox 494 703 628 741; x_wconf 79' lang='lat' dir='ltr'>proxima</span> <span class='ocrx_word' id='word_1_96' title='bbox 650 712 767 740; x_wconf 87' lang='lat' dir='ltr'>quoque</span> <span class='ocrx_word' id='word_1_97' title='bbox 791 712 847 731; x_wconf 85' lang='lat' dir='ltr'>vox</span> <span class='ocrx_word' id='word_1_98' title='bbox 871 704 984 730; x_wconf 73' lang='lat' dir='ltr'>mutata</span> <span class='ocrx_word' id='word_1_99' title='bbox 1008 704 1060 730; x_wconf 82' lang='lat' dir='ltr'>est.</span> <span class='ocrx_word' id='word_1_100' title='bbox 1086 715 1123 720; x_wconf 92' lang='lat'><strong>—</strong></span> <span class='ocrx_word' id='word_1_101' title='bbox 1153 702 1221 730; x_wconf 90' lang='lat'>145.</span> <span class='ocrx_word' id='word_1_102' title='bbox 1245 704 1312 739; x_wconf 76' lang='lat' dir='ltr'>post</span> <span class='ocrx_word' id='word_1_103' title='bbox 1338 709 1408 730; x_wconf 76' lang='lat' dir='ltr'>sum</span> 
     </span>
    </p>
   </div>
   <div class='ocr_carea' id='block_1_4' title="bbox 285 751 1417 1612">
    <p class='ocr_par' dir='ltr' id='par_1_4' title="bbox 285 751 1417 1612">
     <span class='ocr_line' id='line_1_12' title="bbox 285 751 1408 793; baseline -0.002 -11"><span class='ocrx_word' id='word_1_104' title='bbox 285 755 394 783; x_wconf 72' lang='lat' dir='ltr'>hiatur.</span> <span class='ocrx_word' id='word_1_105' title='bbox 440 762 533 793; x_wconf 78' lang='lat' dir='ltr'>quom</span> <span class='ocrx_word' id='word_1_106' title='bbox 555 752 637 789; x_wconf 81' lang='lat' dir='ltr'>scio,</span> <span class='ocrx_word' id='word_1_107' title='bbox 661 757 818 792; x_wconf 74' lang='lat' dir='ltr'><strong>postquam</strong></span> <span class='ocrx_word' id='word_1_108' title='bbox 843 753 991 788; x_wconf 74' lang='lat' dir='ltr'>intellexi,</span> <span class='ocrx_word' id='word_1_109' title='bbox 1023 752 1058 780; x_wconf 88' lang='lat' dir='ltr'>cf.</span> <span class='ocrx_word' id='word_1_110' title='bbox 1085 753 1128 788; x_wconf 90' lang='lat' dir='ltr'>„si</span> <span class='ocrx_word' id='word_1_111' title='bbox 1152 751 1232 782; x_wconf 84' lang='lat' dir='ltr'>scio“</span> <span class='ocrx_word' id='word_1_112' title='bbox 1258 762 1313 791; x_wconf 88' lang='lat' dir='ltr'>pro</span> <span class='ocrx_word' id='word_1_113' title='bbox 1340 752 1408 787; x_wconf 89' lang='lat' dir='ltr'>„ubi</span> 
     </span>
     <span class='ocr_line' id='line_1_13' title="bbox 286 804 1408 841; baseline -0.003 -7"><span class='ocrx_word' id='word_1_114' title='bbox 286 804 454 834; x_wconf 78' lang='lat' dir='ltr'>1·escivcro“</span> <span class='ocrx_word' id='word_1_115' title='bbox 469 806 548 834; x_wconf 84' lang='lat' dir='ltr'>Men.</span> <span class='ocrx_word' id='word_1_116' title='bbox 565 805 634 834; x_wconf 86' lang='lat'>152.</span> <span class='ocrx_word' id='word_1_117' title='bbox 659 806 730 833; x_wconf 86' lang='lat'>205.</span> <span class='ocrx_word' id='word_1_118' title='bbox 765 804 827 832; x_wconf 86' lang='lat' dir='ltr'>Mil.</span> <span class='ocrx_word' id='word_1_119' title='bbox 843 805 914 833; x_wconf 89' lang='lat'>827.</span> <span class='ocrx_word' id='word_1_120' title='bbox 952 804 1031 832; x_wconf 68' lang='lat' dir='ltr'>Pers.</span> <span class='ocrx_word' id='word_1_121' title='bbox 1046 804 1116 832; x_wconf 87' lang='lat'>235.</span> <span class='ocrx_word' id='word_1_122' title='bbox 1133 805 1203 832; x_wconf 90' lang='lat'>237.</span> <span class='ocrx_word' id='word_1_123' title='bbox 1217 818 1257 823; x_wconf 91' lang='lat'>--</span> <span class='ocrx_word' id='word_1_124' title='bbox 1275 805 1332 832; x_wconf 85' lang='lat'>146</span> <span class='ocrx_word' id='word_1_125' title='bbox 1345 814 1408 841; x_wconf 84' lang='lat' dir='ltr'>sqq.</span> 
     </span>
     <span class='ocr_line' id='line_1_14' title="bbox 286 854 1409 895; baseline -0.003 -10"><span class='ocrx_word' id='word_1_126' title='bbox 286 858 418 895; x_wconf 81' lang='lat' dir='ltr'>Buggius</span> <span class='ocrx_word' id='word_1_127' title='bbox 440 857 608 886; x_wconf 80' lang='lat' dir='ltr'>Acidalium</span> <span class='ocrx_word' id='word_1_128' title='bbox 631 858 750 885; x_wconf 84' lang='lat' dir='ltr'>secutus</span> <span class='ocrx_word' id='word_1_129' title='bbox 773 856 894 884; x_wconf 76' lang='lat' dir='ltr'>scribit:</span> <span class='ocrx_word' id='word_1_130' title='bbox 932 855 1014 891; x_wconf 83' lang='lat' dir='ltr'>„Quo</span> <span class='ocrx_word' id='word_1_131' title='bbox 1038 854 1141 883; x_wconf 82' lang='lat' dir='ltr'>nemo“</span> <span class='ocrx_word' id='word_1_132' title='bbox 1168 858 1197 883; x_wconf 86' lang='lat' dir='ltr'>et</span> <span class='ocrx_word' id='word_1_133' title='bbox 1222 855 1298 890; x_wconf 81' lang='lat' dir='ltr'>„hau</span> <span class='ocrx_word' id='word_1_134' title='bbox 1321 855 1409 883; x_wconf 84' lang='lat' dir='ltr'>uicti—</span> 
     </span>
     <span class='ocr_line' id='line_1_15' title="bbox 286 904 1411 944; baseline -0.003 -7"><span class='ocrx_word' id='word_1_135' title='bbox 286 906 416 937; x_wconf 77' lang='lat' dir='ltr'>tabam“.</span> <span class='ocrx_word' id='word_1_136' title='bbox 475 907 533 937; x_wconf 89' lang='lat' dir='ltr'>Sed</span> <span class='ocrx_word' id='word_1_137' title='bbox 562 918 614 936; x_wconf 83' lang='lat' dir='ltr'>nec</span> <span class='ocrx_word' id='word_1_138' title='bbox 644 908 706 936; x_wconf 84' lang='lat' dir='ltr'>veri</span> <span class='ocrx_word' id='word_1_139' title='bbox 734 907 831 935; x_wconf 80' lang='lat' dir='ltr'>simile</span> <span class='ocrx_word' id='word_1_140' title='bbox 862 909 907 935; x_wconf 85' lang='lat' dir='ltr'>est</span> <span class='ocrx_word' id='word_1_141' title='bbox 937 904 1058 942; x_wconf 80' lang='lat' dir='ltr'>„nemo“</span> <span class='ocrx_word' id='word_1_142' title='bbox 1091 908 1120 935; x_wconf 92' lang='lat' dir='ltr'>in</span> <span class='ocrx_word' id='word_1_143' title='bbox 1147 904 1277 944; x_wconf 79' lang='lat' dir='ltr'>„neque“</span> <span class='ocrx_word' id='word_1_144' title='bbox 1305 906 1411 944; x_wconf 78' lang='lat' dir='ltr'>depru-</span> 
     </span>
     <span class='ocr_line' id='line_1_16' title="bbox 286 957 1412 998; baseline -0.003 -10"><span class='ocrx_word' id='word_1_145' title='bbox 286 963 388 989; x_wconf 78' lang='lat' dir='ltr'>vatum</span> <span class='ocrx_word' id='word_1_146' title='bbox 411 969 486 995; x_wconf 82' lang='lat' dir='ltr'>esse,</span> <span class='ocrx_word' id='word_1_147' title='bbox 509 962 538 988; x_wconf 90' lang='lat' dir='ltr'>et</span> <span class='ocrx_word' id='word_1_148' title='bbox 560 960 710 998; x_wconf 81' lang='lat' dir='ltr'>posterior</span> <span class='ocrx_word' id='word_1_149' title='bbox 732 958 879 987; x_wconf 78' lang='lat' dir='ltr'>sententia</span> <span class='ocrx_word' id='word_1_150' title='bbox 898 959 977 987; x_wconf 83' lang='lat' dir='ltr'>iusto</span> <span class='ocrx_word' id='word_1_151' title='bbox 996 957 1116 986; x_wconf 87' lang='lat' dir='ltr'>brevius</span> <span class='ocrx_word' id='word_1_152' title='bbox 1134 957 1322 993; x_wconf 56' lang='lat' dir='ltr'>enuntiatum</span> <span class='ocrx_word' id='word_1_153' title='bbox 1346 967 1412 986; x_wconf 86' lang='lat' dir='ltr'>nam</span> 
     </span>
     <span class='ocr_line' id='line_1_17' title="bbox 287 1008 1413 1048; baseline -0.004 -8"><span class='ocrx_word' id='word_1_154' title='bbox 287 1009 383 1048; x_wconf 76' lang='lat' dir='ltr'>uolup</span> <span class='ocrx_word' id='word_1_155' title='bbox 407 1011 495 1039; x_wconf 79' lang='lat' dir='ltr'>aliter</span> <span class='ocrx_word' id='word_1_156' title='bbox 518 1011 575 1039; x_wconf 80' lang='lat' dir='ltr'>dici</span> <span class='ocrx_word' id='word_1_157' title='bbox 600 1011 684 1046; x_wconf 87' lang='lat' dir='ltr'>solet,</span> <span class='ocrx_word' id='word_1_158' title='bbox 708 1021 735 1040; x_wconf 85' lang='lat' dir='ltr'>v.</span> <span class='ocrx_word' id='word_1_159' title='bbox 755 1009 791 1038; x_wconf 79' lang='lat' dir='ltr'>ud</span> <span class='ocrx_word' id='word_1_160' title='bbox 805 1010 910 1047; x_wconf 84' lang='lat' dir='ltr'>Amph.</span> <span class='ocrx_word' id='word_1_161' title='bbox 924 1010 996 1038; x_wconf 82' lang='lat'>951.</span> <span class='ocrx_word' id='word_1_162' title='bbox 1041 1008 1139 1044; x_wconf 74' lang='lat' dir='ltr'>Quare</span> <span class='ocrx_word' id='word_1_163' title='bbox 1162 1019 1225 1037; x_wconf 90' lang='lat' dir='ltr'>cum</span> <span class='ocrx_word' id='word_1_164' title='bbox 1251 1008 1413 1037; x_wconf 84' lang='lat' dir='ltr'>Ritschelio</span> 
     </span>
     <span class='ocr_line' id='line_1_18' title="bbox 287 1060 1412 1096; baseline -0.004 -5"><span class='ocrx_word' id='word_1_165' title='bbox 287 1063 459 1091; x_wconf 79' lang='lat' dir='ltr'><strong>lacunosum</strong></span> <span class='ocrx_word' id='word_1_166' title='bbox 482 1063 580 1090; x_wconf 90' lang='lat' dir='ltr'>locum</span> <span class='ocrx_word' id='word_1_167' title='bbox 604 1071 669 1090; x_wconf 85' lang='lat' dir='ltr'>esse</span> <span class='ocrx_word' id='word_1_168' title='bbox 693 1062 831 1096; x_wconf 78' lang='lat' dir='ltr'>arbitror,</span> <span class='ocrx_word' id='word_1_169' title='bbox 861 1063 891 1089; x_wconf 88' lang='lat' dir='ltr'>et</span> <span class='ocrx_word' id='word_1_170' title='bbox 913 1063 976 1089; x_wconf 86' lang='lat' dir='ltr'>tres</span> <span class='ocrx_word' id='word_1_171' title='bbox 999 1070 1101 1088; x_wconf 83' lang='lat' dir='ltr'>versus</span> <span class='ocrx_word' id='word_1_172' title='bbox 1126 1061 1154 1088; x_wconf 88' lang='lat' dir='ltr'>in</span> <span class='ocrx_word' id='word_1_173' title='bbox 1178 1060 1237 1088; x_wconf 88' lang='lat' dir='ltr'>duo</span> <span class='ocrx_word' id='word_1_174' title='bbox 1260 1060 1412 1095; x_wconf 84' lang='lat' dir='ltr'>redactos;</span> 
     </span>
     <span class='ocr_line' id='line_1_19' title="bbox 289 1109 1410 1151; baseline -0.003 -9"><span class='ocrx_word' id='word_1_175' title='bbox 289 1114 343 1142; x_wconf 83' lang='lat' dir='ltr'>sed</span> <span class='ocrx_word' id='word_1_176' title='bbox 365 1114 485 1142; x_wconf 80' lang='lat' dir='ltr'>lacunas</span> <span class='ocrx_word' id='word_1_177' title='bbox 509 1114 595 1142; x_wconf 81' lang='lat' dir='ltr'>aliter</span> <span class='ocrx_word' id='word_1_178' title='bbox 618 1113 732 1151; x_wconf 82' lang='lat' dir='ltr'>expleo.</span> <span class='ocrx_word' id='word_1_179' title='bbox 789 1112 818 1141; x_wconf 82' lang='lat' dir='ltr'>Is</span> <span class='ocrx_word' id='word_1_180' title='bbox 841 1113 934 1146; x_wconf 79' lang='lat' dir='ltr'>enim,</span> <span class='ocrx_word' id='word_1_181' title='bbox 970 1111 1067 1139; x_wconf 86' lang='lat' dir='ltr'>verbis</span> <span class='ocrx_word' id='word_1_182' title='bbox 1099 1114 1183 1149; x_wconf 78' lang='lat' dir='ltr'>„arte</span> <span class='ocrx_word' id='word_1_183' title='bbox 1207 1109 1410 1148; x_wconf 85' lang='lat' dir='ltr'>gymnastica“</span> 
     </span>
     <span class='ocr_line' id='line_1_20' title="bbox 289 1160 1414 1204; baseline -0.004 -10"><span class='ocrx_word' id='word_1_184' title='bbox 289 1175 344 1204; x_wconf 89' lang='lat' dir='ltr'>pro</span> <span class='ocrx_word' id='word_1_185' title='bbox 367 1166 477 1202; x_wconf 83' lang='lat' dir='ltr'>spuriis</span> <span class='ocrx_word' id='word_1_186' title='bbox 501 1165 621 1200; x_wconf 83' lang='lat' dir='ltr'>habitis,</span> <span class='ocrx_word' id='word_1_187' title='bbox 645 1165 767 1194; x_wconf 83' lang='lat' dir='ltr'>tertium</span> <span class='ocrx_word' id='word_1_188' title='bbox 793 1173 908 1192; x_wconf 82' lang='lat' dir='ltr'>versum</span> <span class='ocrx_word' id='word_1_189' title='bbox 931 1164 974 1191; x_wconf 89' lang='lat' dir='ltr'>sic</span> <span class='ocrx_word' id='word_1_190' title='bbox 995 1163 1160 1200; x_wconf 78' lang='lat' dir='ltr'>supplevit:</span> <span class='ocrx_word' id='word_1_191' title='bbox 1200 1160 1294 1198; x_wconf 85' lang='lat' dir='ltr'>„[Nec</span> <span class='ocrx_word' id='word_1_192' title='bbox 1318 1163 1414 1191; x_wconf 83' lang='lat' dir='ltr'>minus</span> 
     </span>
     <span class='ocr_line' id='line_1_21' title="bbox 288 1213 1414 1254; baseline -0.002 -10"><span class='ocrx_word' id='word_1_193' title='bbox 288 1226 341 1245; x_wconf 85' lang='lat' dir='ltr'>suo</span> <span class='ocrx_word' id='word_1_194' title='bbox 365 1213 476 1254; x_wconf 87' lang='lat' dir='ltr'>animo]</span> <span class='ocrx_word' id='word_1_195' title='bbox 500 1216 662 1244; x_wconf 79' lang='lat' dir='ltr'>uictitabat</span> <span class='ocrx_word' id='word_1_196' title='bbox 683 1214 810 1254; x_wconf 80' lang='lat' dir='ltr'>uolup“3</span> <span class='ocrx_word' id='word_1_197' title='bbox 846 1214 982 1253; x_wconf 85' lang='lat' dir='ltr'>equidem</span> <span class='ocrx_word' id='word_1_198' title='bbox 1011 1214 1093 1242; x_wconf 87' lang='lat' dir='ltr'>verbi</span> <span class='ocrx_word' id='word_1_199' title='bbox 1117 1223 1275 1252; x_wconf 80' lang='lat' dir='ltr'>personam</span> <span class='ocrx_word' id='word_1_200' title='bbox 1300 1217 1414 1242; x_wconf 76' lang='lat' dir='ltr'>mutare</span> 
     </span>
     <span class='ocr_line' id='line_1_22' title="bbox 290 1264 1414 1305; baseline -0.004 -9"><span class='ocrx_word' id='word_1_201' title='bbox 290 1268 381 1304; x_wconf 83' lang='lat' dir='ltr'>nolui,</span> <span class='ocrx_word' id='word_1_202' title='bbox 400 1268 585 1305; x_wconf 75' lang='lat' dir='ltr'>alteramque</span> <span class='ocrx_word' id='word_1_203' title='bbox 604 1270 671 1296; x_wconf 83' lang='lat' dir='ltr'>aute</span> <span class='ocrx_word' id='word_1_204' title='bbox 691 1267 758 1296; x_wconf 77' lang='lat' dir='ltr'>arte</span> <span class='ocrx_word' id='word_1_205' title='bbox 770 1267 906 1295; x_wconf 72' lang='lat' dir='ltr'>lacunam</span> <span class='ocrx_word' id='word_1_206' title='bbox 919 1276 982 1295; x_wconf 85' lang='lat' dir='ltr'>esse</span> <span class='ocrx_word' id='word_1_207' title='bbox 995 1267 1108 1303; x_wconf 81' lang='lat' dir='ltr'>putavi.</span> <span class='ocrx_word' id='word_1_208' title='bbox 1142 1264 1208 1294; x_wconf 87' lang='lat' dir='ltr'>Non</span> <span class='ocrx_word' id='word_1_209' title='bbox 1220 1265 1314 1294; x_wconf 83' lang='lat' dir='ltr'>multo</span> <span class='ocrx_word' id='word_1_210' title='bbox 1327 1265 1414 1294; x_wconf 80' lang='lat' dir='ltr'>aliter</span> 
     </span>
     <span class='ocr_line' id='line_1_23' title="bbox 290 1315 1414 1357; baseline -0.004 -9"><span class='ocrx_word' id='word_1_211' title='bbox 290 1319 428 1357; x_wconf 85' lang='lat' dir='ltr'>Spengel.</span> <span class='ocrx_word' id='word_1_212' title='bbox 442 1319 592 1348; x_wconf 82' lang='lat' dir='ltr'>Reformv.</span> <span class='ocrx_word' id='word_1_213' title='bbox 611 1330 640 1357; x_wconf 88' lang='lat' dir='ltr'>p.</span> <span class='ocrx_word' id='word_1_214' title='bbox 658 1319 725 1347; x_wconf 86' lang='lat'>100.</span> <span class='ocrx_word' id='word_1_215' title='bbox 741 1333 781 1337; x_wconf 92' lang='lat'><em>—</em></span> <span class='ocrx_word' id='word_1_216' title='bbox 798 1318 866 1346; x_wconf 82' lang='lat'>148.</span> <span class='ocrx_word' id='word_1_217' title='bbox 888 1315 955 1354; x_wconf 74' lang='lat' dir='ltr'>pila</span> <span class='ocrx_word' id='word_1_218' title='bbox 978 1317 1022 1345; x_wconf 88' lang='lat' dir='ltr'>ed.</span> <span class='ocrx_word' id='word_1_219' title='bbox 1043 1327 1088 1354; x_wconf 89' lang='lat' dir='ltr'>pr.</span> <span class='ocrx_word' id='word_1_220' title='bbox 1107 1316 1328 1345; x_wconf 77' lang='lat' dir='ltr'>Enumerantur</span> <span class='ocrx_word' id='word_1_221' title='bbox 1350 1316 1414 1345; x_wconf 88' lang='lat' dir='ltr'>vul·</span> 
     </span>
     <span class='ocr_line' id='line_1_24' title="bbox 289 1365 1413 1408; baseline -0.002 -10"><span class='ocrx_word' id='word_1_222' title='bbox 289 1371 375 1408; x_wconf 77' lang='lat' dir='ltr'>garia</span> <span class='ocrx_word' id='word_1_223' title='bbox 392 1371 636 1398; x_wconf 76' lang='lat' dir='ltr'>exercitationum</span> <span class='ocrx_word' id='word_1_224' title='bbox 654 1380 771 1407; x_wconf 72' lang='lat' dir='ltr'>genera.</span> <span class='ocrx_word' id='word_1_225' title='bbox 808 1369 918 1397; x_wconf 81' lang='lat' dir='ltr'>Hiatur</span> <span class='ocrx_word' id='word_1_226' title='bbox 937 1373 966 1396; x_wconf 78' lang='lat' dir='ltr'>et</span> <span class='ocrx_word' id='word_1_227' title='bbox 985 1371 1052 1406; x_wconf 81' lang='lat' dir='ltr'>post</span> <span class='ocrx_word' id='word_1_228' title='bbox 1070 1365 1156 1397; x_wconf 81' lang='lat' dir='ltr'>disco</span> <span class='ocrx_word' id='word_1_229' title='bbox 1174 1370 1203 1396; x_wconf 82' lang='lat' dir='ltr'>et</span> <span class='ocrx_word' id='word_1_230' title='bbox 1223 1371 1293 1405; x_wconf 80' lang='lat' dir='ltr'>post</span> <span class='ocrx_word' id='word_1_231' title='bbox 1311 1374 1413 1396; x_wconf 74' lang='lat' dir='ltr'>cursu.</span> 
     </span>
     <span class='ocr_line' id='line_1_25' title="bbox 290 1416 1414 1458; baseline -0.004 -8"><span class='ocrx_word' id='word_1_232' title='bbox 290 1437 331 1441; x_wconf 88' lang='lat'>-—</span> <span class='ocrx_word' id='word_1_233' title='bbox 352 1422 410 1450; x_wconf 87' lang='lat'>150</span> <span class='ocrx_word' id='word_1_234' title='bbox 430 1432 484 1450; x_wconf 83' lang='lat' dir='ltr'>em.</span> <span class='ocrx_word' id='word_1_235' title='bbox 504 1421 550 1450; x_wconf 76' lang='lat' dir='ltr'>ed.</span> <span class='ocrx_word' id='word_1_236' title='bbox 564 1431 609 1458; x_wconf 87' lang='lat' dir='ltr'>pr.</span> <span class='ocrx_word' id='word_1_237' title='bbox 629 1436 668 1440; x_wconf 96' lang='lat'><strong>—</strong></span> <span class='ocrx_word' id='word_1_238' title='bbox 688 1416 904 1456; x_wconf 47' lang='lat' dir='ltr'>discipulina&amp;</span> <span class='ocrx_word' id='word_1_239' title='bbox 929 1420 964 1448; x_wconf 83' lang='lat' dir='ltr'>cs.</span> <span class='ocrx_word' id='word_1_240' title='bbox 978 1420 1014 1447; x_wconf 80' lang='lat' dir='ltr'>ud</span> <span class='ocrx_word' id='word_1_241' title='bbox 1029 1419 1111 1448; x_wconf 81' lang='lat' dir='ltr'>Asin.</span> <span class='ocrx_word' id='word_1_242' title='bbox 1125 1420 1196 1447; x_wconf 88' lang='lat'>200.</span> <span class='ocrx_word' id='word_1_243' title='bbox 1211 1433 1247 1438; x_wconf 90' lang='lat'>—</span> <span class='ocrx_word' id='word_1_244' title='bbox 1273 1420 1338 1448; x_wconf 88' lang='lat'>151.</span> <span class='ocrx_word' id='word_1_245' title='bbox 1359 1428 1414 1447; x_wconf 86' lang='lat' dir='ltr'>em.</span> 
     </span>
     <span class='ocr_line' id='line_1_26' title="bbox 291 1467 1414 1509; baseline -0.003 -8"><span class='ocrx_word' id='word_1_246' title='bbox 291 1472 448 1501; x_wconf 80' lang='lat' dir='ltr'>Gruterus.</span> <span class='ocrx_word' id='word_1_247' title='bbox 478 1470 661 1509; x_wconf 76' lang='lat' dir='ltr'>eaepetebant</span> <span class='ocrx_word' id='word_1_248' title='bbox 677 1468 860 1505; x_wconf 79' lang='lat' dir='ltr'>doctrinam,</span> <span class='ocrx_word' id='word_1_249' title='bbox 885 1474 916 1499; x_wconf 83' lang='lat' dir='ltr'>ut</span> <span class='ocrx_word' id='word_1_250' title='bbox 932 1467 1134 1508; x_wconf 75' lang='lat' dir='ltr'>„exemplum“</span> <span class='ocrx_word' id='word_1_251' title='bbox 1156 1480 1182 1499; x_wconf 95' lang='lat' dir='ltr'>v.</span> <span class='ocrx_word' id='word_1_252' title='bbox 1202 1471 1269 1500; x_wconf 87' lang='lat'>100.</span> <span class='ocrx_word' id='word_1_253' title='bbox 1284 1484 1322 1489; x_wconf 89' lang='lat'>--</span> <span class='ocrx_word' id='word_1_254' title='bbox 1347 1470 1414 1498; x_wconf 87' lang='lat'>152.</span> 
     </span>
     <span class='ocr_line' id='line_1_27' title="bbox 291 1520 1417 1552; baseline -0.004 0"><span class='ocrx_word' id='word_1_255' title='bbox 291 1521 327 1551; x_wconf 75' lang='lat' dir='ltr'>id</span> <span class='ocrx_word' id='word_1_256' title='bbox 347 1531 432 1552; x_wconf 79' lang='lat' dir='ltr'>uerO.</span> <span class='ocrx_word' id='word_1_257' title='bbox 467 1523 590 1552; x_wconf 85' lang='lat' dir='ltr'>Lorenz.</span> <span class='ocrx_word' id='word_1_258' title='bbox 612 1523 728 1551; x_wconf 72' lang='lat' dir='ltr'>confert</span> <span class='ocrx_word' id='word_1_259' title='bbox 744 1523 812 1550; x_wconf 90' lang='lat' dir='ltr'>Aul.</span> <span class='ocrx_word' id='word_1_260' title='bbox 832 1523 879 1550; x_wconf 89' lang='grc'>18.</span> <span class='ocrx_word' id='word_1_261' title='bbox 925 1521 1030 1550; x_wconf 81' lang='lat' dir='ltr'>Pseud.</span> <span class='ocrx_word' id='word_1_262' title='bbox 1046 1522 1115 1550; x_wconf 85' lang='lat'>634.</span> <span class='ocrx_word' id='word_1_263' title='bbox 1161 1520 1204 1549; x_wconf 82' lang='lat' dir='ltr'>Cf.</span> <span class='ocrx_word' id='word_1_264' title='bbox 1219 1522 1306 1549; x_wconf 79' lang='lat' dir='ltr'>etiam</span> <span class='ocrx_word' id='word_1_265' title='bbox 1331 1521 1417 1549; x_wconf 82' lang='lat' dir='ltr'>initis</span> 
     </span>
     <span class='ocr_line' id='line_1_28' title="bbox 292 1571 1372 1612; baseline -0.002 -10"><span class='ocrx_word' id='word_1_266' title='bbox 292 1575 485 1612; x_wconf 79' lang='lat' dir='ltr'>epistolarum</span> <span class='ocrx_word' id='word_1_267' title='bbox 507 1574 659 1603; x_wconf 85' lang='lat' dir='ltr'>Ciceronis</span> <span class='ocrx_word' id='word_1_268' title='bbox 682 1574 719 1602; x_wconf 79' lang='lat' dir='ltr'>ad</span> <span class='ocrx_word' id='word_1_269' title='bbox 743 1573 824 1602; x_wconf 89' lang='lat' dir='ltr'>Fam.</span> <span class='ocrx_word' id='word_1_270' title='bbox 849 1572 912 1608; x_wconf 86' lang='lat' dir='ltr'>VH,</span> <span class='ocrx_word' id='word_1_271' title='bbox 938 1573 987 1601; x_wconf 85' lang='lat'>30.</span> <span class='ocrx_word' id='word_1_272' title='bbox 1011 1572 1063 1608; x_wconf 86' lang='lat' dir='ltr'>IX,</span> <span class='ocrx_word' id='word_1_273' title='bbox 1089 1573 1116 1601; x_wconf 90' lang='lat'>5.</span> <span class='ocrx_word' id='word_1_274' title='bbox 1140 1571 1219 1608; x_wconf 86' lang='lat' dir='ltr'>XVI,</span> <span class='ocrx_word' id='word_1_275' title='bbox 1250 1573 1297 1601; x_wconf 90' lang='lat'>10.</span> <span class='ocrx_word' id='word_1_276' title='bbox 1323 1573 1372 1600; x_wconf 85' lang='lat'>23.</span> 
     </span>
    </p>
   </div>
   <div class='ocr_carea' id='block_1_5' title="bbox 771 1639 966 1644">
    <p class='ocr_par' dir='ltr' id='par_1_5' title="bbox 771 1639 966 1644">
     <span class='ocr_line' id='line_1_29' title="bbox 771 1639 966 1644; baseline 0 0"><span class='ocrx_word' id='word_1_277' title='bbox 771 1639 966 1644; x_wconf 95' lang='lat' dir='ltr'> </span> 
     </span>
    </p>
   </div>
   <div class='ocr_carea' id='block_1_6' title="bbox 293 1671 1420 2126">
    <p class='ocr_par' dir='ltr' id='par_1_6' title="bbox 293 1671 1420 2126">
     <span class='ocr_line' id='line_1_30' title="bbox 378 1671 1417 1712; baseline -0.003 -6"><span class='ocrx_word' id='word_1_278' title='bbox 378 1678 424 1706; x_wconf 83' lang='lat' dir='ltr'>Ex</span> <span class='ocrx_word' id='word_1_279' title='bbox 459 1677 570 1706; x_wconf 80' lang='lat' dir='ltr'>aedibus</span> <span class='ocrx_word' id='word_1_280' title='bbox 599 1677 812 1705; x_wconf 78' lang='lat' dir='ltr'>Philolachetis</span> <span class='ocrx_word' id='word_1_281' title='bbox 841 1674 880 1711; x_wconf 91' lang='lat' dir='ltr'>(v.</span> <span class='ocrx_word' id='word_1_282' title='bbox 917 1676 984 1704; x_wconf 82' lang='lat'>186.</span> <span class='ocrx_word' id='word_1_283' title='bbox 1011 1671 1086 1712; x_wconf 88' lang='grc'>233)</span> <span class='ocrx_word' id='word_1_284' title='bbox 1115 1675 1176 1703; x_wconf 81' lang='lat' dir='ltr'>exit</span> <span class='ocrx_word' id='word_1_285' title='bbox 1207 1674 1417 1703; x_wconf 69' lang='lat' dir='ltr'>Philematium</span> 
     </span>
     <span class='ocr_line' id='line_1_31' title="bbox 293 1725 1416 1767; baseline -0.003 -10"><span class='ocrx_word' id='word_1_286' title='bbox 293 1729 394 1767; x_wconf 83' lang='lat' dir='ltr'>puella</span> <span class='ocrx_word' id='word_1_287' title='bbox 422 1728 645 1767; x_wconf 86' lang='lat' dir='ltr'>pulchritudine</span> <span class='ocrx_word' id='word_1_288' title='bbox 675 1731 705 1756; x_wconf 88' lang='lat' dir='ltr'>et</span> <span class='ocrx_word' id='word_1_289' title='bbox 735 1737 835 1756; x_wconf 78' lang='lat' dir='ltr'>amore</span> <span class='ocrx_word' id='word_1_290' title='bbox 865 1727 1002 1764; x_wconf 83' lang='lat' dir='ltr'>insignis,</span> <span class='ocrx_word' id='word_1_291' title='bbox 1038 1729 1066 1755; x_wconf 81' lang='lat' dir='ltr'>et</span> <span class='ocrx_word' id='word_1_292' title='bbox 1090 1736 1179 1763; x_wconf 82' lang='lat' dir='ltr'>quam</span> <span class='ocrx_word' id='word_1_293' title='bbox 1203 1725 1289 1754; x_wconf 73' lang='lat' dir='ltr'>facile</span> <span class='ocrx_word' id='word_1_294' title='bbox 1313 1726 1416 1754; x_wconf 77' lang='lat' dir='ltr'>credas</span> 
     </span>
     <span class='ocr_line' id='line_1_32' title="bbox 294 1777 1417 1817; baseline -0.004 -9"><span class='ocrx_word' id='word_1_295' title='bbox 294 1780 493 1809; x_wconf 72' lang='lat' dir='ltr'>adulescentis</span> <span class='ocrx_word' id='word_1_296' title='bbox 521 1780 671 1817; x_wconf 86' lang='lat' dir='ltr'>ingenium</span> <span class='ocrx_word' id='word_1_297' title='bbox 700 1788 890 1816; x_wconf 82' lang='lat' dir='ltr'>corrumpere</span> <span class='ocrx_word' id='word_1_298' title='bbox 924 1778 1071 1816; x_wconf 81' lang='lat' dir='ltr'>potuisse,</span> <span class='ocrx_word' id='word_1_299' title='bbox 1106 1778 1266 1806; x_wconf 81' lang='lat' dir='ltr'>comitante</span> <span class='ocrx_word' id='word_1_300' title='bbox 1300 1777 1417 1813; x_wconf 77' lang='lat' dir='ltr'>aneilla,</span> 
     </span>
     <span class='ocr_line' id='line_1_33' title="bbox 295 1828 1418 1869; baseline -0.003 -10"><span class='ocrx_word' id='word_1_301' title='bbox 295 1841 352 1860; x_wconf 82' lang='lat' dir='ltr'>anu</span> <span class='ocrx_word' id='word_1_302' title='bbox 375 1832 457 1869; x_wconf 82' lang='lat' dir='ltr'>turpi</span> <span class='ocrx_word' id='word_1_303' title='bbox 480 1835 511 1860; x_wconf 84' lang='lat' dir='ltr'>et</span> <span class='ocrx_word' id='word_1_304' title='bbox 534 1830 608 1859; x_wconf 88' lang='lat' dir='ltr'>nihil</span> <span class='ocrx_word' id='word_1_305' title='bbox 632 1833 742 1869; x_wconf 78' lang='lat' dir='ltr'>praeter</span> <span class='ocrx_word' id='word_1_306' title='bbox 765 1832 909 1867; x_wconf 80' lang='lat' dir='ltr'>quaestum</span> <span class='ocrx_word' id='word_1_307' title='bbox 933 1829 1076 1866; x_wconf 71' lang='lat' dir='ltr'>spirante.</span> <span class='ocrx_word' id='word_1_308' title='bbox 1132 1828 1252 1856; x_wconf 84' lang='lat' dir='ltr'>Exeuut</span> <span class='ocrx_word' id='word_1_309' title='bbox 1281 1831 1378 1856; x_wconf 77' lang='lat' dir='ltr'>autem</span> <span class='ocrx_word' id='word_1_310' title='bbox 1402 1838 1418 1856; x_wconf 85' lang='lat' dir='ltr'>e</span> 
     </span>
     <span class='ocr_line' id='line_1_34' title="bbox 295 1876 1417 1918; baseline -0.003 -8"><span class='ocrx_word' id='word_1_311' title='bbox 295 1882 416 1918; x_wconf 80' lang='lat' dir='ltr'>balneo,</span> <span class='ocrx_word' id='word_1_312' title='bbox 447 1886 477 1911; x_wconf 87' lang='lat' dir='ltr'>et</span> <span class='ocrx_word' id='word_1_313' title='bbox 500 1892 586 1911; x_wconf 76' lang='lat' dir='ltr'>serva</span> <span class='ocrx_word' id='word_1_314' title='bbox 608 1882 767 1911; x_wconf 67' lang='lat' dir='ltr'>lavationis</span> <span class='ocrx_word' id='word_1_315' title='bbox 790 1884 820 1909; x_wconf 85' lang='lat' dir='ltr'>et</span> <span class='ocrx_word' id='word_1_316' title='bbox 842 1883 964 1909; x_wconf 82' lang='lat' dir='ltr'>ornatus</span> <span class='ocrx_word' id='word_1_317' title='bbox 988 1881 1186 1909; x_wconf 79' lang='lat' dir='ltr'>instrumenta</span> <span class='ocrx_word' id='word_1_318' title='bbox 1208 1882 1308 1918; x_wconf 78' lang='lat' dir='ltr'>portat</span> <span class='ocrx_word' id='word_1_319' title='bbox 1331 1876 1417 1916; x_wconf 88' lang='lat'>(262.</span> 
     </span>
     <span class='ocr_line' id='line_1_35' title="bbox 297 1930 1420 1971; baseline -0.004 -8"><span class='ocrx_word' id='word_1_320' title='bbox 297 1932 383 1971; x_wconf 87' lang='lat'>243).</span> <span class='ocrx_word' id='word_1_321' title='bbox 441 1934 511 1970; x_wconf 82' lang='lat' dir='ltr'>Quae</span> <span class='ocrx_word' id='word_1_322' title='bbox 540 1933 608 1962; x_wconf 84' lang='lat' dir='ltr'>(lum</span> <span class='ocrx_word' id='word_1_323' title='bbox 640 1934 716 1962; x_wconf 87' lang='lat' dir='ltr'>inter</span> <span class='ocrx_word' id='word_1_324' title='bbox 739 1943 769 1961; x_wconf 82' lang='lat' dir='ltr'>so</span> <span class='ocrx_word' id='word_1_325' title='bbox 793 1933 1016 1969; x_wconf 84' lang='lat' dir='ltr'>colloquuntur,</span> <span class='ocrx_word' id='word_1_326' title='bbox 1051 1931 1236 1960; x_wconf 77' lang='lat' dir='ltr'>Philolaches</span> <span class='ocrx_word' id='word_1_327' title='bbox 1265 1941 1301 1959; x_wconf 86' lang='lat' dir='ltr'>ex</span> <span class='ocrx_word' id='word_1_328' title='bbox 1324 1930 1420 1959; x_wconf 79' lang='lat' dir='ltr'>altera</span> 
     </span>
     <span class='ocr_line' id='line_1_36' title="bbox 296 1982 1420 2024; baseline -0.004 -11"><span class='ocrx_word' id='word_1_329' title='bbox 296 1986 442 2024; x_wconf 77' lang='lat' dir='ltr'>proscenii</span> <span class='ocrx_word' id='word_1_330' title='bbox 476 1988 562 2023; x_wconf 82' lang='lat' dir='ltr'>parte</span> <span class='ocrx_word' id='word_1_331' title='bbox 590 1994 754 2013; x_wconf 83' lang='lat' dir='ltr'>sermonem</span> <span class='ocrx_word' id='word_1_332' title='bbox 784 1993 885 2013; x_wconf 88' lang='lat' dir='ltr'>earum</span> <span class='ocrx_word' id='word_1_333' title='bbox 919 1983 1075 2011; x_wconf 77' lang='lat' dir='ltr'>auscultat.</span> <span class='ocrx_word' id='word_1_334' title='bbox 1131 1982 1225 2011; x_wconf 66' lang='lat' dir='ltr'>Scene.</span> <span class='ocrx_word' id='word_1_335' title='bbox 1258 1982 1357 2019; x_wconf 80' lang='lat' dir='ltr'>lepida</span> <span class='ocrx_word' id='word_1_336' title='bbox 1389 1984 1420 2010; x_wconf 81' lang='lat' dir='ltr'>et</span> 
     </span>
     <span class='ocr_line' id='line_1_37' title="bbox 297 2030 1420 2074; baseline -0.004 -9"><span class='ocrx_word' id='word_1_337' title='bbox 297 2037 404 2065; x_wconf 80' lang='lat' dir='ltr'>festiva</span> <span class='ocrx_word' id='word_1_338' title='bbox 433 2036 566 2065; x_wconf 76' lang='lat' dir='ltr'>iambicis</span> <span class='ocrx_word' id='word_1_339' title='bbox 594 2036 770 2074; x_wconf 77' lang='lat' dir='ltr'>septenariis</span> <span class='ocrx_word' id='word_1_340' title='bbox 799 2035 911 2072; x_wconf 79' lang='lat' dir='ltr'>scripta</span> <span class='ocrx_word' id='word_1_341' title='bbox 939 2037 992 2062; x_wconf 78' lang='lat' dir='ltr'>est.</span> <span class='ocrx_word' id='word_1_342' title='bbox 1030 2048 1067 2052; x_wconf 90' lang='lat'>—</span> <span class='ocrx_word' id='word_1_343' title='bbox 1107 2033 1174 2062; x_wconf 85' lang='lat'>153.</span> <span class='ocrx_word' id='word_1_344' title='bbox 1209 2030 1290 2068; x_wconf 67' lang='lat' dir='ltr'>lani,</span> <span class='ocrx_word' id='word_1_345' title='bbox 1327 2042 1354 2061; x_wconf 88' lang='lat' dir='ltr'>v.</span> <span class='ocrx_word' id='word_1_346' title='bbox 1383 2032 1420 2061; x_wconf 82' lang='lat' dir='ltr'>ad</span> 
     </span>
     <span class='ocr_line' id='line_1_38' title="bbox 298 2083 1420 2126; baseline -0.005 -9"><span class='ocrx_word' id='word_1_347' title='bbox 298 2088 404 2126; x_wconf 84' lang='lat' dir='ltr'>Amph.</span> <span class='ocrx_word' id='word_1_348' title='bbox 431 2088 501 2116; x_wconf 80' lang='lat'>795.</span> <span class='ocrx_word' id='word_1_349' title='bbox 536 2103 571 2106; x_wconf 96' lang='lat'><strong>—</strong></span> <span class='ocrx_word' id='word_1_350' title='bbox 607 2088 673 2115; x_wconf 85' lang='lat'>154.</span> <span class='ocrx_word' id='word_1_351' title='bbox 704 2087 782 2115; x_wconf 83' lang='lat' dir='ltr'>Ante</span> <span class='ocrx_word' id='word_1_352' title='bbox 807 2092 899 2123; x_wconf 76' lang='lat' dir='ltr'>quom</span> <span class='ocrx_word' id='word_1_353' title='bbox 923 2084 1100 2113; x_wconf 73' lang='lat' dir='ltr'>audiendum</span> <span class='ocrx_word' id='word_1_354' title='bbox 1124 2086 1168 2113; x_wconf 83' lang='lat' dir='ltr'>ost</span> <span class='ocrx_word' id='word_1_355' title='bbox 1191 2083 1312 2113; x_wconf 84' lang='lat' dir='ltr'>verbum</span> <span class='ocrx_word' id='word_1_356' title='bbox 1337 2085 1420 2112; x_wconf 83' lang='lat' dir='ltr'>ante-</span> 
     </span>
    </p>
   </div>
   <div class='ocr_carea' id='block_1_7' title="bbox 1530 302 1596 1651">
    <p class='ocr_par' dir='ltr' id='par_1_7' title="bbox 1530 302 1596 1651">
     <span class='ocr_line' id='line_1_39' title="bbox 1530 302 1589 354; baseline 0 2124"><span class='ocrx_word' id='word_1_357' title='bbox 1530 302 1589 354; x_wconf 95' lang='lat' dir='ltr'> </span> 
     </span>
     <span class='ocr_line' id='line_1_40' title="bbox 1530 354 1590 401; baseline 0 2077"><span class='ocrx_word' id='word_1_358' title='bbox 1530 354 1590 401; x_wconf 95' lang='lat' dir='ltr'> </span> 
     </span>
     <span class='ocr_line' id='line_1_41' title="bbox 1535 401 1590 456; baseline 0 2022"><span class='ocrx_word' id='word_1_359' title='bbox 1535 401 1590 456; x_wconf 95' lang='lat' dir='ltr'> </span> 
     </span>
     <span class='ocr_line' id='line_1_42' title="bbox 1535 456 1591 505; baseline 0 1973"><span class='ocrx_word' id='word_1_360' title='bbox 1535 456 1591 505; x_wconf 95' lang='lat' dir='ltr'> </span> 
     </span>
     <span class='ocr_line' id='line_1_43' title="bbox 1535 505 1591 556; baseline 0 1922"><span class='ocrx_word' id='word_1_361' title='bbox 1535 505 1591 556; x_wconf 95' lang='lat' dir='ltr'> </span> 
     </span>
     <span class='ocr_line' id='line_1_44' title="bbox 1537 556 1592 608; baseline 0 1870"><span class='ocrx_word' id='word_1_362' title='bbox 1537 556 1592 608; x_wconf 95' lang='lat' dir='ltr'> </span> 
     </span>
     <span class='ocr_line' id='line_1_45' title="bbox 1536 608 1592 658; baseline 0 1820"><span class='ocrx_word' id='word_1_363' title='bbox 1536 608 1592 658; x_wconf 95' lang='lat' dir='ltr'> </span> 
     </span>
     <span class='ocr_line' id='line_1_46' title="bbox 1536 658 1592 708; baseline 0 1770"><span class='ocrx_word' id='word_1_364' title='bbox 1536 658 1592 708; x_wconf 95' lang='lat' dir='ltr'> </span> 
     </span>
     <span class='ocr_line' id='line_1_47' title="bbox 1536 708 1592 760; baseline 0 1718"><span class='ocrx_word' id='word_1_365' title='bbox 1536 708 1592 760; x_wconf 95' lang='lat' dir='ltr'> </span> 
     </span>
     <span class='ocr_line' id='line_1_48' title="bbox 1536 760 1593 859; baseline 0 0"><span class='ocrx_word' id='word_1_366' title='bbox 1536 760 1593 859; x_wconf 95' lang='lat' dir='ltr'>  </span> 
     </span>
     <span class='ocr_line' id='line_1_49' title="bbox 1536 859 1594 915; baseline 0 1563"><span class='ocrx_word' id='word_1_367' title='bbox 1536 859 1594 915; x_wconf 95' lang='lat' dir='ltr'> </span> 
     </span>
     <span class='ocr_line' id='line_1_50' title="bbox 1536 915 1594 964; baseline 0 1514"><span class='ocrx_word' id='word_1_368' title='bbox 1536 915 1594 964; x_wconf 95' lang='lat' dir='ltr'> </span> 
     </span>
     <span class='ocr_line' id='line_1_51' title="bbox 1535 964 1595 1042; baseline 0 0"><span class='ocrx_word' id='word_1_369' title='bbox 1535 964 1595 1042; x_wconf 95' lang='lat' dir='ltr'>  </span> 
     </span>
     <span class='ocr_line' id='line_1_52' title="bbox 1535 1042 1595 1114; baseline 0 1364"><span class='ocrx_word' id='word_1_370' title='bbox 1535 1042 1595 1114; x_wconf 95' lang='lat' dir='ltr'> </span> 
     </span>
     <span class='ocr_line' id='line_1_53' title="bbox 1535 1114 1596 1169; baseline 0 1309"><span class='ocrx_word' id='word_1_371' title='bbox 1535 1114 1596 1169; x_wconf 95' lang='lat' dir='ltr'> </span> 
     </span>
     <span class='ocr_line' id='line_1_54' title="bbox 1535 1169 1596 1226; baseline 0 1252"><span class='ocrx_word' id='word_1_372' title='bbox 1535 1169 1596 1226; x_wconf 95' lang='lat' dir='ltr'> </span> 
     </span>
     <span class='ocr_line' id='line_1_55' title="bbox 1535 1226 1596 1274; baseline 0 1204"><span class='ocrx_word' id='word_1_373' title='bbox 1535 1226 1596 1274; x_wconf 95' lang='lat' dir='ltr'> </span> 
     </span>
     <span class='ocr_line' id='line_1_56' title="bbox 1535 1274 1596 1325; baseline 0 1153"><span class='ocrx_word' id='word_1_374' title='bbox 1535 1274 1596 1325; x_wconf 95' lang='lat' dir='ltr'> </span> 
     </span>
     <span class='ocr_line' id='line_1_57' title="bbox 1535 1325 1596 1378; baseline 0 1100"><span class='ocrx_word' id='word_1_375' title='bbox 1535 1325 1596 1378; x_wconf 95' lang='lat' dir='ltr'> </span> 
     </span>
     <span class='ocr_line' id='line_1_58' title="bbox 1535 1378 1596 1429; baseline 0 1049"><span class='ocrx_word' id='word_1_376' title='bbox 1535 1378 1596 1429; x_wconf 95' lang='lat' dir='ltr'> </span> 
     </span>
     <span class='ocr_line' id='line_1_59' title="bbox 1536 1429 1596 1479; baseline 0 999"><span class='ocrx_word' id='word_1_377' title='bbox 1536 1429 1596 1479; x_wconf 95' lang='lat' dir='ltr'> </span> 
     </span>
     <span class='ocr_line' id='line_1_60' title="bbox 1537 1479 1596 1568; baseline 0 0"><span class='ocrx_word' id='word_1_378' title='bbox 1537 1479 1596 1568; x_wconf 95' lang='lat' dir='ltr'>  </span> 
     </span>
     <span class='ocr_line' id='line_1_61' title="bbox 1538 1568 1596 1651; baseline 0 0"><span class='ocrx_word' id='word_1_379' title='bbox 1538 1568 1596 1651; x_wconf 95' lang='lat' dir='ltr'>  </span> 
     </span>
    </p>
   </div>
   <div class='ocr_carea' id='block_1_8' title="bbox 1202 2096 1596 2478">
    <p class='ocr_par' dir='ltr' id='par_1_8' title="bbox 1202 2096 1596 2478">
     <span class='ocr_line' id='line_1_62' title="bbox 1202 2096 1596 2478; baseline 0 -320"><span class='ocrx_word' id='word_1_380' title='bbox 1202 2096 1596 2478; x_wconf 95' lang='lat' dir='ltr'>  </span> 
     </span>
    </p>
   </div>
  </div>
 </body>
</html>
