1596 2478
290 162 351 191 252
774 161 916 195 Epidicus.

288 266 317 293 p.
341 256 391 285 40.
422 257 456 285 cf.
486 256 573 284 Poen.
598 257 670 285 412.
706 272 745 277 —
778 254 834 286 ubi
861 258 885 286 B
914 269 991 288 man.
1020 269 1093 296 sec.,
1125 261 1194 288 cett.
1225 273 1266 278 —
1294 259 1344 287 43.
1375 266 1410 288 Se

286 303 387 335 neuolt
411 307 497 335 Both.
519 317 572 335 em.
600 321 637 326 —
661 309 796 337 47—49.
822 309 881 339 duo
905 310 1013 338 senarii
1037 320 1103 339 cum
1127 310 1279 338 octonario
1302 309 1407 344 iamb.;

288 358 353 385 illos
382 359 566 395 septenarios
595 361 632 386 tr.
657 359 727 387 fecit
749 358 854 388 Goetz.
879 360 1010 389 scribens
1041 361 1129 395 „hinc
1159 361 1188 388 in
1213 360 1347 389 'l'hebas“
1380 363 1410 389 et

289 405 366 443 (cum
387 407 563 443 Ribbeckio)
592 409 682 444 „mihi
707 409 857 439 interim“.
903 411 960 439 Sed
984 421 1096 440 summo
1121 412 1184 439 iuro
1208 410 1409 440 Reinhardtus

288 456 434 494 (Studem.
466 459 550 488 Stud.
581 459 593 487 1
624 470 652 497 p.
682 458 756 497 104)
788 461 841 490 hos
871 464 933 490 tres
967 471 1070 491 versus
1104 462 1221 499 spurios
1255 461 1409 498 iudicavit,

287 520 352 537 naui
382 511 405 538 si
431 510 572 547 Epidicus
602 510 656 539 hoc
684 511 748 540 loco
777 521 836 540 rem
861 516 1026 548 narrasset,
1060 513 1123 540 fiori
1148 523 1204 541 nou
1228 513 1341 549 potuit,
1377 515 1410 541 ut

287 571 313 588 v.
337 561 375 588 60
400 560 613 598 Thesprionem
643 562 680 590 de
709 572 744 590 es
772 563 927 592 celandum
956 573 1019 592 esse
1047 564 1168 592 diceret.
1225 563 1311 598 Quod
1339 572 1408 592 vero

287 611 388 639 eadem
413 611 602 640 damnatione
621 622 646 641 v.
667 614 706 642 50
725 614 940 651 complectitur,
965 615 1035 652 quia
1052 614 1156 642 similis
1174 615 1213 642 sit
1224 614 1314 642 Poen.
1331 615 1407 643 753:

288 661 475 699 „Utcumque
505 665 551 691 est
580 666 704 699 uentus,
735 665 810 692 exim
834 665 933 693 uelum
958 663 1119 699 uertitur“,
1143 665 1265 702 probari
1288 666 1408 702 nequit;

285 713 402 750 potius,
438 714 463 741 si
497 714 575 742 alter
608 717 674 742 uter
707 724 812 743 versus
845 715 995 744 tollendus
1030 719 1088 751 est,
1129 715 1252 744 Poenuli
1287 716 1312 744 is
1340 716 1408 745 erit.

285 761 368 791 exim
390 764 414 792 B
439 774 504 792 man
528 774 583 802 pr.¹
610 765 646 793 cf.
670 765 780 794 Bitsch.
806 765 912 803 Opusc.
937 766 964 794 11
987 776 1016 803 p.
1040 767 1112 795 456.
1136 781 1177 786 —
1207 767 1256 795 51.
1285 766 1409 795 Versum

285 814 398 851 ἄμετρον
421 815 484 843 iure
508 815 690 844 damnarunt
714 816 805 845 Weis.
830 816 924 855 Gepp.
944 817 1070 855 Hesper,
1095 827 1160 845 nam
1184 828 1211 845 v.
1233 818 1270 845 58
1289 817 1408 846 demum

285 865 315 893 id
339 866 425 901 dicit,
455 866 534 903 quod
559 866 605 895 hic
627 866 738 895 dixisse
761 870 895 905 putatur.
951 867 1052 897 Goetz.
1078 868 1212 897 licenter:
1251 868 1342 906 „quid
1365 870 1408 898 ais

284 916 339 944 tu?
373 917 435 945 TH.
461 917 538 952 Quid
562 917 647 946 est?‘⁴
674 933 715 936 —
744 919 793 947 53.
818 918 863 947 Ex
886 922 1027 955 corrupto
1053 919 1267 956 ‚‚Reddigitu1·“
1293 920 1406 948 Cnmer.

287 967 408 1002 „Redde
443 969 552 1004 igitur-⁴⁸
590 970 639 997 vix
668 968 790 1004 Latium
825 970 837 997 I
872 971 1022 1007 ceterique
1059 967 1143 1006 Quid
1174 967 1295 1006 iyitur?
1328 970 1407 999 unde

285 1017 388 1047 Goetz.
415 1019 510 1054 „Quid
536 1020 580 1048 uis
604 1018 734 1056 igitur‘?“
782 1020 924 1056 Weisius,
954 1030 1040 1058 quem
1066 1022 1095 1049 in
1118 1021 1219 1057 priore
1243 1020 1289 1049 ed.
1313 1022 1408 1049 secuti

285 1078 394 1105 sumus,
425 1070 516 1098 verba
542 1070 621 1105 „¹1'H.
647 1070 706 1099 Uili
727 1094 732 1098 .
750 1092 755 1099 .
770 1094 776 1100 .
791 1093 797 1099 .
819 1070 922 1099 minis“
949 1082 1004 1109 pru
1027 1072 1137 1110 spuriis
1164 1071 1300 1106 seclusit3
1336 1072 1406 1100 mihi

284 1121 341 1148 iam
364 1122 426 1148 vcri
450 1121 576 1150 similius
601 1122 719 1150 videtur
743 1122 886 1150 excidisse
911 1122 1034 1160 aliquid,
1059 1122 1220 1160 addidique
1238 1129 1305 1150 eam
1323 1120 1406 1151 emit.

284 1172 358 1200 Tum
388 1172 536 1200 Meursius
565 1182 619 1210 pro
653 1169 710 1200 Tot
736 1173 859 1211 scripsit
890 1171 1023 1208 „Totis“‚
1055 1173 1133 1210 quod
1165 1174 1278 1211 recepit
1302 1173 1406 1202 Goetz.

283 1224 374 1260 magis
392 1223 429 1251 ad
448 1226 580 1252 nostram
599 1233 687 1260 quam
706 1225 742 1252 ad
760 1224 934 1252 Latinorum
947 1224 1065 1252 dicendi
1079 1225 1232 1252 rationem.
1269 1224 1404 1260 Seyffert.

283 1276 313 1302 in
336 1275 417 1312 praef.
439 1274 569 1303 Goetzii:
598 1275 678 1309 ‚,T11.
698 1275 764 1303 Tot.
790 1274 848 1302 ΕΡ.
863 1274 962 1310 Quot?
986 1275 1048 1303 ΤΗ.
1063 1275 1268 1312 Quadraginta
1287 1274 1403 1304 minis.“

283 1325 425 1354 Weisius:
453 1325 532 1360 „TH.
552 1325 618 1354 Tot.
644 1325 703 1354 EP.
723 1325 928 1361 Quadraginta
945 1325 1067 1354 minis!“
1115 1325 1173 1354 Sed
1197 1325 1270 1354 nihil
1295 1325 1405 1361 obstat,

283 1377 440 1414 quominus
470 1377 568 1404 omnia
591 1377 768 1414 Thesprioni
803 1376 921 1405 dentur.
978 1376 1006 1405 Is
1040 1378 1168 1415 primum
1202 1377 1290 1405 solito
1324 1386 1406 1405 more

283 1429 383 1465 digitis
407 1437 559 1456 numerum
583 1427 746 1463 significat,
777 1430 839 1455 tum
864 1428 972 1456 clarius
997 1428 1092 1456 verbis
1117 1428 1262 1456 enuntiat.
1288 1441 1328 1446 —
1354 1428 1402 1456 54.

282 1477 419 1516 danista,
442 1479 588 1513 δανειστής,
619 1478 669 1515 qui
693 1482 849 1514 argentum
873 1479 984 1507 faeuore
1009 1479 1068 1514 dat,
1093 1480 1128 1507 cf.
1153 1479 1242 1507 Most.
1269 1480 1338 1507 521.
1362 1493 1403 1498 -—

284 1532 331 1559 55.
357 1531 488 1559 Faeuoris
512 1539 599 1558 causa
622 1531 652 1557 in
675 1530 805 1566 singulas
830 1530 923 1558 inians
947 1529 1079 1567 quotidie
1098 1539 1246 1557 nummum
1267 1530 1404 1565 debebat,

282 1582 300 1610 i.
325 1591 350 1610 e.
381 1591 435 1618 pro
465 1581 596 1610 centenis
624 1580 773 1609 drachmis
807 1581 906 1617 binas,
943 1591 1009 1609 nam
1042 1590 1178 1609 nummus
1212 1580 1404 1609 didrachmon

282 1635 335 1667 est,
360 1632 418 1661 vid.
442 1635 501 1660 not.
527 1632 563 1660 ad
587 1632 686 1660 Aulul.
712 1632 783 1667 440,
808 1631 858 1660 ubi
882 1635 1004 1660 catenus
1028 1633 1135 1667 erravi,
1159 1631 1238 1668 quod
1262 1630 1298 1659 ab
1321 1630 1404 1668 AEgi-

282 1684 376 1712 netica
406 1685 520 1712 ratione
550 1683 702 1720 profectus
736 1692 809 1710 sum.
866 1682 1086 1711 Corinthiorum
1122 1682 1200 1709 ratio
1233 1682 1334 1719 potius
1367 1681 1404 1709 ab

282 1736 404 1771 antiqua
428 1734 562 1762 Euboica
586 1735 702 1762 ratione
726 1733 889 1770 repetenda
912 1736 970 1768 θεῖς
994 1735 1088 1761 stater
1106 1736 1203 1760 autem
1224 1731 1404 1768 Cormthius,

281 1787 331 1823 qui
356 1789 385 1813 et
409 1786 471 1823 ipse
495 1795 632 1813 nummus
656 1784 798 1812 Italorum
823 1787 877 1819 est,
901 1784 1050 1821 δίδραχμον
1075 1786 1128 1819 est,
1153 1783 1286 1820 quamvis
1305 1783 1404 1811 Attico

281 1837 370 1874 paulo
394 1837 498 1864 minus.
545 1835 650 1864 Faenus
674 1836 764 1872 igitur
789 1835 843 1863 fuit
866 1835 980 1871 ingens,
1005 1834 1080 1862 binae
1099 1834 1264 1862 centesimas
1283 1834 1312 1860 iu
1331 1832 1403 1868 diss,

282 1891 314 1916 ut
338 1898 394 1916 uon
420 1887 566 1915 immerito
591 1887 735 1914 exclamet
751 1885 909 1923 Epidicus;
934 1895 967 1913 ac
991 1889 1091 1913 tamen
1111 1884 1259 1912 interdum
1279 1884 1404 1912 ulterius

281 1939 550 1976 progrediebantur
566 1938 791 1974 ἡμεροδανεισηιί,
811 1939 844 1964 ut
856 1936 906 1964 ille
920 1936 998 1973 apud
1012 1935 1260 1972 Theophrastum,
1274 1934 1360 1963 char.
1375 1936 1402 1970 ὅ,

281 1991 332 2027 qui
349 1991 392 2023 τῆς
410 1990 531 2026 ὁραχμῆς
549 1989 626 2016 τόκον
648 1990 708 2025 τρία
734 1988 877 2023 ι’,μιωβόλια
899 1989 943 2021 τῆς
968 1987 1065 2023 ἡμέρας
1083 1985 1263 2024 postulabat.
1291 1999 1326 2003 -
1354 1985 1402 2013 56.

285 2041 354 2078 „qui
379 2041 473 2077 petits·
501 2049 625 2077 pravum
650 2043 712 2074 est,
736 2042 788 2066 aut
814 2039 933 2075 „petat“
961 2037 1159 2072 scribendum,
1188 2039 1239 2064 aut
1265 2035 1402 2072 „atque“,

282 2094 313 2119 et
342 2091 396 2119 hoc
426 2090 545 2128 quidem
571 2090 669 2118 Plauti
693 2089 818 2118 similius
842 2092 895 2117 est.
946 2088 1110 2125 Utrumque
1138 2087 1293 2124 proposuit
1316 2085 1403 2123 Seyff.
