1596 2478
283 180 341 209 128
783 177 889 203 Casius.

281 274 372 302 Huius
398 276 598 311 Κληροινμὲιόυε
623 274 743 302 Plautus
768 274 872 302 Latine
896 275 985 302 vertit.
1007 275 1045 309 (v.
1068 274 1131 306 31),
1157 278 1337 312 mutatoque,
1362 279 1394 303 ut

280 325 402 355 solebat.
426 327 551 356 nomine.
575 326 742 354 Casinam
767 325 942 362 nppellnvit3
967 323 1066 360 (codd.
1086 335 1163 362 saepu
1187 335 1285 354 errore
1308 326 1396 361 „Cas-

279 376 389 405 sinnm¹⁴
417 378 559 415 praebent,
584 377 606 405 Β
635 375 811 412 .‚Cusiam“).
868 376 962 411 Quum
993 386 1062 404 vero
1087 376 1200 414 aliquot
1223 378 1307 406 annis
1331 380 1398 415 post

281 428 377 456 Plauti
407 432 528 456 mortem
559 428 654 456 denuo
689 428 863 462 referretur,
900 429 1053 465 antiquum
1089 438 1194 456 nomen
1227 432 1396 457 revocatum

280 482 334 513 est,
359 483 391 507 ut
415 479 628 507 Sortientes
652 479 751 507 sabula
775 479 932 513 diceretur,
966 489 991 507 v.
1018 479 1129 507 Bitsch.
1155 479 1274 517 Parerg.
1299 480 1396 508 plaut.

280 541 308 568 p.
334 531 404 563 203,
429 530 463 558 cf.
490 530 652 558 Francken.
677 530 858 567 Mnemosyn.
885 530 923 558 IV
943 541 971 568 p.
996 531 1064 559 163.
1109 530 1192 565 Quod
1217 540 1306 567 quum
1330 535 1397 569 post

280 592 387 610 annum
415 583 470 610 159
501 582 608 610 factum
640 581 789 614 videatur,
819 592 885 610 nam
914 582 1054 610 Terentio
1083 582 1150 610 vivo
1180 592 1270 611 novas
1297 592 1398 611 omnes

280 633 444 661 comoedias
474 635 619 661 neminem
648 636 707 660 tam
738 634 931 671 contemptim
966 643 1208 661 commemorasse
1243 633 1397 668 credimus,

279 694 367 721 quam
397 684 468 712 facit
499 684 639 721 prologus
670 694 695 712 v.
722 686 755 719 9,
791 687 889 712 tamen
921 694 955 712 ex
985 685 1080 712 altera
1110 688 1194 721 parte
1225 695 1281 713 non
1312 686 1397 713 nimis

279 736 366 773 longo
390 735 546 763 intervallo
571 746 587 763 a
611 735 706 763 Plauti
732 739 825 763 morte
847 734 886 771 (a.
912 734 983 772 184)
1007 739 1152 764 remotum
1177 746 1240 764 esse
1263 740 1395 774 apparet,

280 788 417 825 quoniam
452 790 651 824 spectatorum
686 788 736 824 qui
771 788 902 815 seniores
938 791 1036 815 essent
1066 787 1193 815 fabulam
1222 788 1279 816 iam
1308 788 1398 816 semel

279 843 428 876 spectasse
451 841 481 865 et
503 838 644 875 probasse
668 839 806 866 dicuntur
830 838 868 872 (v,
897 836 955 873 14).
1011 837 1118 866 Eadem
1149 839 1264 867 ratione
1293 839 1398 868 ductus

282 890 458 917 Ritsehelius
488 889 606 927 Parerg.
632 899 658 926 p.
688 891 742 917 191
769 900 812 927 sq.
844 899 901 917 non
932 891 1076 918 immerito
1107 890 1243 918 Casinam
1274 891 1397 927 posteri-

279 941 379 969 oribus
403 940 499 969 Plauti
523 940 630 968 sabulis
653 940 835 968 adnumerat.
894 941 961 969 Haec
991 950 1079 978 quum
1112 942 1238 978 primum
1263 945 1327 970 acta
1350 943 1396 974 sit,

278 1002 379 1021 omnes
412 992 526 1020 fabulas
560 992 665 1019 vicisse
699 992 808 1020 dicitur
843 989 883 1028 (v.
918 990 983 1028 17),
1021 1002 1072 1020 nec
1106 991 1291 1021 dubitamus.
1327 994 1396 1030 quin

279 1045 368 1072 etiam
393 1047 497 1081 postea
526 1043 671 1080 placuerit
699 1046 730 1071 et
757 1052 834 1081 saepe
857 1053 971 1071 scenam
996 1043 1259 1081 perambulaverit,
1294 1054 1395 1081 quam-

279 1105 366 1133 quam
395 1097 546 1126 errarunt,
581 1095 645 1131 qui,
681 1104 770 1132 quum
799 1094 999 1122 Romanellius
1029 1093 1165 1132 (Viaggio
1195 1095 1224 1122 di
1254 1095 1361 1133 Napoli
1385 1096 1397 1124 I

279 1157 306 1185 p.
334 1146 408 1179 216)
433 1146 558 1183 exempli
583 1155 669 1173 causa
692 1149 832 1174 tesseram
856 1146 1032 1174 theatralem
1057 1156 1120 1175 cum
1145 1147 1258 1175 (Jusinae
1282 1147 1398 1175 nomine

279 1199 334 1226 sibi
357 1198 505 1233 finxisset.
535 1197 609 1225 hanc
634 1207 689 1234 pro
713 1207 782 1226 vero
807 1198 995 1235 antiquitatis
1019 1201 1207 1226 monumento
1232 1197 1399 1226 habuerunt

280 1248 328 1286 (ut
355 1249 444 1278 Orell.
474 1250 562 1277 Inscr.
595 1248 660 1277 Lat.
691 1259 718 1277 n.
745 1249 835 1277 2538.
882 1249 994 1277 Ritseh.
1024 1249 1145 1286 Psrerg.
1176 1259 1203 1286 p.
1235 1248 1336 1285 204),
1372 1260 1397 1278 v.

280 1300 432 1336 Wieseler,
457 1300 718 1336 Theatergebiiude
736 1310 764 1328 u.
784 1299 964 1328 Denkmiiler
983 1301 1032 1328 des
1054 1300 1288 1328 Biihnenwesens
1306 1311 1333 1339 p.
1350 1302 1397 1329 38.

280 1352 319 1380 Et
342 1355 386 1379 est
409 1351 510 1380 fabula
533 1352 678 1389 imprimis
703 1351 835 1385 ridicula,
868 1352 945 1380 unde
968 1354 1056 1380 etiam
1082 1353 1244 1380 recentiore
1267 1356 1398 1389 tempore

280 1404 442 1432 imitatores
472 1403 589 1437 habuit,
625 1403 750 1430 maxime
774 1403 1028 1437 Machinvellium,
1064 1404 1145 1432 cuius
1168 1402 1258 1431 Clizia
1287 1413 1321 1431 ex
1345 1403 1399 1431 hac

279 1454 380 1482 fabula
397 1455 458 1482 fere
477 1463 615 1491 expressa
632 1457 685 1482 est.
731 1454 808 1482 Addi
827 1458 926 1492 potest
938 1456 1026 1483 etiam
1039 1455 1189 1483 comoedia
1205 1452 1398 1490 „L'Errore“‚

280 1515 367 1543 quam
393 1506 512 1543 scripsit
535 1504 745 1534 Giambattista
768 1505 854 1534 Gelli.

364 1557 448 1592 Quod
473 1559 570 1585 autem
595 1557 655 1592 alii,
679 1560 711 1585 ut
735 1557 881 1594 Ladewig.
908 1557 982 1585 Mus.
1008 1557 1100 1585 Rhen.
1127 1557 1168 1585 111
1192 1567 1219 1595 p.
1250 1558 1307 1587 186
1332 1567 1396 1595 sqq.

279 1608 382 1637 Goetz.
408 1609 472 1636 Act.
498 1607 645 1645 Lipsiens.
671 1608 709 1635 VI
733 1619 761 1646 p.
788 1609 846 1636 277
872 1612 965 1637 totam
989 1608 1117 1637 fabulum
1143 1619 1158 1635 a
1182 1608 1398 1646 posterioribus

280 1662 468 1688 retractatam
499 1669 560 1687 esse
591 1663 724 1694 censent,
755 1660 914 1688 Teuffelius
937 1664 1034 1688 autem
1059 1659 1134 1688 Mus.
1160 1659 1251 1687 Rhen.
1278 1659 1345 1687 VIII
1368 1669 1396 1697 p.

280 1712 319 1739 27
347 1720 422 1748 sqq..
457 1709 580 1738 Studien
609 1721 636 1739 u.
661 1710 933 1740 Charakteristiken
963 1721 991 1749 p.
1021 1712 1091 1745 259,
1126 1714 1239 1749 partem
1269 1711 1397 1748 aliquam

279 1763 341 1790 eius
365 1764 505 1790 resectam
534 1765 636 1800 putat.
671 1762 741 1790 mihi
776 1765 912 1791 neutrum
947 1762 1103 1800 probabile
1134 1762 1262 1790 videtur.
1320 1761 1397 1790 Illud

279 1816 402 1851 apparet
426 1814 618 1851 posteriorem
643 1813 752 1841 fabulae
775 1815 889 1852 partem
915 1815 1058 1851 temporis
1082 1814 1191 1842 iniuria
1215 1814 1339 1842 laceram
1359 1813 1396 1841 ad

280 1873 332 1893 nos
349 1865 520 1902 pervenisse
539 1865 710 1902 lacunisque
730 1864 891 1900 abundare,
917 1875 1006 1902 quum
1029 1867 1177 1903 scriptura
1202 1864 1354 1902 archetypi
1379 1875 1396 1893 a

279 1915 408 1944 librariis
432 1915 489 1952 legi
512 1925 570 1944 non
594 1917 734 1954 potuerit.
779 1916 938 1953 Egregium
963 1916 1035 1944 illud
1059 1917 1192 1953 quidem,
1219 1916 1269 1945 sed
1292 1926 1395 1955 parum

278 1958 426 1995 sufficiens
450 1968 590 1995 auxilium
615 1967 717 1995 attulit
734 1967 940 2004 palimpsestus
958 1967 1182 2002 Ambrosianus.
1203 1968 1285 1996 cuius
1304 1968 1395 2006 scrip·

278 2022 359 2046 turns
374 2018 560 2055 protulerunt
587 2018 755 2056 Geppertus
780 2019 807 2046 iu
831 2018 960 2046 editione
984 2022 1013 2046 et
1043 2020 1150 2056 passim
1175 2018 1395 2047 Studemundus

278 2073 307 2097 et
328 2069 471 2097 Loewius.
520 2070 613 2098 Huius
633 2080 696 2107 qum
720 2070 756 2097 ad
776 2069 912 2098 Casinum
931 2071 1081 2107 pertinent
1100 2070 1274 2098 meinbrnnae
1293 2080 1395 2098 versus

279 2121 486 2149 continuerunt
511 2121 664 2156 :38—176,
691 2121 866 2155 513—821‚
892 2122 951 2149 883
975 2121 1012 2148 ad
1037 2122 1146 2149 exitum
1172 2121 1286 2149 fabulae.
