1596 2478
176 206 212 235 Π,
231 208 257 238 6,
281 207 344 231 1-9
685 204 793 230 Casina.
1254 204 1292 232 27

459 352 622 384 MULIER
667 350 829 383 SERUOS
879 350 1012 382 EIDEM

620 436 850 468 Cleostrata

179 493 269 532 Face,
295 492 439 526 Chaline,
464 493 634 523 certiorem
660 501 718 528 me,
744 490 821 532 quid
847 500 936 521 meus
962 490 1011 520 uir
1035 500 1083 520 me
1107 489 1196 520 uelit.

637 575 828 608 Chalinus

178 631 373 672 Ille-edepol
398 632 508 663 uidere
533 610 699 662 ardeiitem
725 634 755 661 te
781 633 873 660 extra
897 633 1022 669 portam
1050 632 1218 659 mortuam.

617 714 849 747 Cleostrata

177 771 281 803 Credo
305 774 434 802 ecastor
458 770 551 802 uelle.

641 840 831 873 Chalinus

556 896 597 927 At
621 895 672 937 po]
698 905 756 935 ego
781 894 869 926 haud
893 894 998 932 credo,
1023 894 1077 924 sed
1103 896 1192 924 certo
1218 892 1294 923 seio.

619 971 854 1013 Lysidamus

180 1028 253 1059 Plus
277 1028 437 1059 artificum
463 1031 511 1059 est
536 1026 621 1065 mihi,
647 1037 744 1067 quam
771 1025 881 1064 rebar3
906 1025 1067 1056 hariolum
1088 1024 1172 1055 hunc
1193 1022 1296 1054 habeo

891 1079 986 1111 domi.
1248 1086 1298 1110 335

178 1137 260 1175 Quid
286 1137 311 1167 si
336 1137 466 1176 propius
489 1135 677 1167 attollamus
702 1135 794 1175 signa
817 1144 993 1174 eamusque
1017 1133 1169 1165 obuiam?

178 1192 329 1232 Sequere.
376 1190 459 1228 Quid
485 1200 543 1221 uos
567 1190 685 1230 agitis?

638 1266 832 1298 Chalinus

686 1320 820 1358 Adsunt,
844 1330 929 1360 quae
952 1319 1154 1359 inperauisti‚
1179 1318 1298 1349 omnia.

182 1381 278 1419 Uxor,
303 1385 419 1418 sortes,
444 1381 552 1415 situla.
578 1386 676 1422 atque
701 1384 838 1420 egomet.

621 1457 855 1499 Lysidamus

640 1512 684 1543 Te
708 1523 771 1543 uno
796 1511 890 1543 adest
914 1511 986 1551 plus
1009 1520 1106 1550 quam
1131 1520 1190 1549 ego
1214 1509 1299 1540 uolo.

641 1588 834 1621 Chalinus

181 1647 252 1678 Tibi
273 1646 403 1687 quidem
423 1644 538 1684 edepol
551 1645 598 1675 ita
612 1644 757 1681 uidetur;
783 1643 932 1674 stimulus
958 1652 1017 1681 ego
1041 1651 1125 1672 nune
1143 1651 1212 1671 sum
1225 1639 1300 1677 tibi;

182 1700 302 1732 Fodico
327 1699 500 1731 corculum.

621 1768 862 1810 Lysidamus

575 1824 616 1856 At
639 1823 774 1856 sudabis
800 1825 864 1855 iam
890 1834 926 1854 ex
953 1826 1048 1856 metu,
1074 1821 1232 1861 mastigia.
1253 1828 1304 1854 340

266 1952 422 1979 Cleostrata
443 1952 554 1978 Calinus
573 1951 664 1978 Senex
683 1952 700 1977 Ι
866 1952 916 1992 332
935 1951 1082 1976 certiorem
1102 1949 1230 1982 equidem
1250 1947 1306 1973 BE

179 1998 229 2022 333
249 1996 392 2022 ardentem
412 2001 439 2021 te
458 1995 552 2021 uidere
571 1994 599 2020 E
686 1997 806 2020 metuam
884 1995 933 2020 334
953 1993 1033 2019 crede
1054 1992 1083 2018 E
1150 1992 1222 2018 uelle
1242 1990 1302 2017 BE.

181 2039 265 2066 uellet
284 2040 300 2065 Ι
403 2042 432 2065 at
450 2038 497 2071 pol
517 2047 569 2070 ego
581 2057 585 2062 .
598 2038 633 2061 C.
648 2037 679 2066 Β,
700 2037 776 2062 (3121st
797 2040 824 2062 at
842 2037 889 2070 pol
908 2045 960 2068 ego
979 2037 998 2062 I
1090 2036 1140 2061 335
1158 2035 1195 2060 mi
1237 2038 1243 2043 '

182 2082 250 2108 abeo
271 2081 326 2107 ΒΕ
408 2082 457 2107 336
476 2080 619 2113 saniusque
639 2079 671 2105 E.
691 2079 844 2113 fiamusque
862 2080 882 2106 I
944 2080 993 2105 340
1029 2078 1071 2104 Eo
1090 2078 1153 2104 dico

181 2151 254 2176 danis
272 2149 307 2182 Β,
326 2149 485 2176 adsudassis
503 2149 528 2181 I,
549 2148 583 2174 ad
602 2123 651 2174 eiua
671 2149 708 2174 sie
727 2149 753 2173 E

1224 2077 1303 2103 adsu-
