1596 2478
315 181 373 210 112
818 178 910 204 Plauti
1179 178 1227 211 111,
1248 180 1272 212 1,
1295 179 1426 206 ηις-129

312 272 395 303 Hinc
418 273 565 313 sumpsit,
591 282 674 312 quas
699 273 727 304 ei
752 272 907 304 dedimus.
954 273 1046 305 Satin
1070 273 1252 313 intellegis?

312 326 393 358 Nam
418 330 590 367 postquam
615 325 695 357 haec
717 326 815 358 aedes
839 327 885 358 ita
907 331 1002 358 erant
1024 331 1060 359 ut
1083 327 1148 358 dixi
1172 327 1243 365 tibi,

312 379 473 411 Continuo
497 384 547 411 est
569 379 652 411 alias
675 380 765 412 aedis
790 384 952 412 mercatus
977 381 1048 413 sibi.
1376 390 1426 415 635

719 451 1026 493 Theopropides

312 505 398 537 Bene
422 505 529 537 hercle
552 505 684 536 factum.

783 566 954 598 Danista

718 619 816 659 Heus,
839 621 902 652 iam
926 620 1053 661 adpetit
1076 620 1236 652 meridies.

796 691 943 723 Tranio

313 744 452 775 Absolue
476 744 561 775 hunc
585 755 716 785 quaeso,
740 746 863 776 uomitu
888 756 927 776 ne
951 744 1003 776 hic
1026 756 1084 777 nos
1109 749 1229 777 enecet.

313 798 475 835 Quattuor
499 798 718 839 quadraginta
740 799 788 830 illi
813 799 972 831 debentur
995 800 1109 838 minae,

314 852 356 883 Et
379 862 450 883 sors
474 855 506 884 et
529 852 651 884 faenus.

783 912 952 944 Danista.

698 966 839 998 Tantum
863 963 927 1006 es't;
950 967 1052 999 nihilo
1075 967 1147 1008 plus
1171 971 1257 1008 peto.

794 1038 939 1070 Tranio

315 1092 417 1123 Uelim
443 1092 571 1133 quidem
598 1092 706 1124 hercle
731 1097 766 1123 ut
790 1103 854 1124 uno
877 1103 1007 1124 nummo
1031 1093 1103 1133 plus
1127 1096 1228 1133 petas.
1377 1102 1428 1127 640

718 1163 1024 1204 Theopropides

315 1217 521 1254 Adulescens,
547 1228 670 1248 mecum
694 1227 761 1248 rem
786 1217 880 1248 habe.

784 1289 954 1320 Danista

915 1342 1037 1383 Nempe
1061 1342 1120 1374 abs
1143 1346 1175 1374 te
1201 1343 1330 1383 petam?

719 1413 1025 1455 Theopropides

315 1469 422 1500 Petito
447 1479 529 1500 cras.

784 1528 955 1559 Danista

571 1582 675 1621 Abe03
700 1586 752 1614 sat
776 1582 890 1621 habeo,
913 1582 941 1613 si
964 1592 1036 1613 cras
1060 1581 1137 1613 sero.

796 1653 941 1686 Tranio

315 1708 436 1739 Malum
460 1707 546 1748 quod
571 1708 625 1739 isti
650 1707 682 1739 di
707 1707 851 1747 (leaeque
874 1717 985 1739 omnes
1010 1707 1117 1746 duint3

316 1762 365 1793 lta
387 1772 460 1793 mea
483 1761 621 1793 consilia
643 1761 815 1802 perturbat
838 1761 1054 1802 paenissume.

315 1816 445 1847 Nullum
469 1815 583 1856 edepol
607 1814 702 1846 hodie
726 1825 828 1855 genus
852 1817 902 1846 est
925 1814 1090 1846 hominum
1115 1815 1252 1846 taetrius
1378 1823 1429 1848 645

314 1870 382 1901 Nec
405 1871 510 1901 minus
534 1858 618 1901 hono
642 1879 714 1901 cum
738 1869 807 1900 iure
831 1879 930 1910 quam
954 1868 1158 1900 danisticum.

381 1992 431 2015 633
450 1990 502 2015 hic
588 1989 665 2022 quasi
686 1988 812 2014 dedimus
832 1987 853 2014 C
939 1988 1030 2013 santiu
1050 1988 1075 2014 B
1160 1988 1209 2013 634
1229 1988 1304 2014 codis
1324 1989 1427 2014 iterant

313 2033 363 2057 635
382 2032 435 2057 alia
454 2031 527 2057 sedis
597 2033 648 2057 636
667 2031 693 2057 S.
713 2031 762 2057 toti
778 2030 869 2056 versui
886 2038 969 2063 proep.
989 2030 1014 2055 Β
1082 2030 1200 2056 meridie
1269 2031 1319 2056 037
1336 2030 1389 2056 hoc
1409 2031 1431 2055 ('

383 2074 516 2100 munitum
604 2075 650 2099 (341
675 2074 758 2099 habet
777 2073 797 2099 G
881 2074 932 2098 642
952 2073 1008 2099 DA.
1027 2072 1116 2098 habeo
1197 2073 1247 2098 643
1267 2073 1300 2098 de
1319 2073 1426 2106 denque

313 2119 362 2142 (544
382 2117 540 2150 pls-nissime
611 2118 661 2141 645
679 2116 894 2149 genusvsthodm
914 2116 938 2141 A
1008 2117 1058 2141 1546
1078 2115 1153 2140 luere
1173 2116 1195 2141 C
