1596 2478
164 178 198 210 Η,
218 179 242 210 2,
264 178 368 202 114—3.
389 178 404 201 4
654 175 798 208 Epidicus.
1245 179 1284 207 29

600 269 847 309 Periphanes

161 327 223 363 Qui
247 326 345 357 dum?

625 382 821 422 Epidicus

247 438 331 475 Quia
355 438 438 468 enim
464 437 631 468 mulierem
656 436 741 466 alius
761 436 848 467 illam
869 436 1061 467 adulescens
1080 437 1216 479 deperit,
1236 448 1286 472 300

162 494 248 524 Auro
272 492 455 533 opulentus„
481 500 617 529 magnus
642 490 743 526 miles,
770 490 926 527 Rhodius,
951 494 1066 531 raptor
1090 491 1241 527 hostium,

161 547 348 584 Gloriosus3
373 546 425 576 hic
448 547 534 575 emet.
556 544 645 574 illam
670 544 709 574 de
733 547 765 574 te
789 547 823 574 et
847 544 939 575 (labit
962 555 1079 576 aurum
1104 546 1227 577 lubens.

162 601 245 632 Face
270 599 383 637 mod03
408 602 459 630 est
483 598 608 629 lucrum
634 598 686 629 hic
709 598 769 629 tibi
794 598 947 637 amplum.

599 657 848 698 Periphanes

824 712 909 743 Deos
932 713 1064 751 quidem
1090 724 1157 745 oro.

625 771 819 812 Epidicus

1126 828 1285 869 Inpetras.

613 879 843 919 Apoecides

163 934 249 972 Quin
273 938 308 965 tu
333 934 359 965 is
384 935 470 965 intro
495 938 595 974 atque
620 934 693 964 huie
717 937 887 973 argentum
913 935 1059 974 promis?
1097 935 1162 975 Ego
1181 937 1287 967 uisam

882 988 922 1018 ad
948 988 1062 1019 forum.

163 1042 307 1083 Epidice,
333 1053 370 1073 eo
394 1043 480 1073 ueni.

626 1095 816 1135 Epidicus

454 1149 502 1181 Ne
525 1150 644 1188 abitas,
670 1151 860 1191 priusquam
884 1160 943 1190 ego
967 1151 1008 1181 ad
1033 1154 1065 1181 te
1088 1162 1219 1182 uenero.
1239 1161 1290 1185 305

616 1210 840 1249 Apoecides

164 1263 276 1304 Usque
299 1264 459 1304 opperiar.

596 1317 850 1358 Periphanes

412 1372 554 1411 Sequere
578 1375 612 1402 tu
637 1373 733 1403 intro.

628 1431 829 1472 Epidicus

702 1486 724 1523 Ι,
749 1497 900 1524 uumera3
924 1486 1004 1517 nihil
1030 1497 1090 1524 ego
1114 1490 1146 1517 te
1170 1497 1287 1518 moror.

530 1699 726 1731 EPIDICUS
763 1699 925 1731 SERUOS

165 1791 298 1824 Nullum
322 1803 394 1824 esse
418 1793 534 1833 opinor
557 1804 616 1833 ego
640 1804 752 1834 agrum
777 1794 810 1825 in
834 1794 921 1825 omni
943 1805 1022 1834 agro
1047 1794 1155 1826 Attico

166 1846 277 1886 Aeque
300 1846 451 1885 feracem,
476 1857 572 1887 quam
596 1848 648 1879 hic
672 1851 722 1879 est
744 1852 858 1880 noster
882 1849 1098 1889 Periphanes3

167 1900 250 1937 Quin
274 1910 313 1931 ex
337 1901 469 1932 occluso
493 1905 593 1942 atque
618 1901 791 1942 obsignato
816 1904 958 1934 armario

168 1954 305 1985 Decutio
329 1955 455 1994 argenti
479 1959 617 1994 tantum,
643 1960 800 1996 quantum
825 1956 902 1987 mihi
929 1957 1028 1988 lubet.
1241 1968 1292 1992 310

235 2073 286 2098 300
304 2072 374 2104 Quid
393 2073 458 2098 dum
519 2073 592 2100 illam
613 2075 683 2100 alius
740 2076 790 2101 302
808 2082 846 2109 sq.
866 2076 962 2101 iubeas
982 2078 1044 2102 tace
1103 2077 1153 2102 303
1172 2077 1292 2109 impetra

167 2115 216 2140 304
235 2115 280 2140 hic
369 2116 417 2141 306
437 2117 512 2142 omui
532 2125 581 2142 om.
670 2118 721 2142 309
741 2119 832 2151 Atque
852 2119 972 2143 armario
988 2119 1116 2151 proximo
1134 2127 1214 2145 versu
