1596 2478
323 138 383 170 356
797 133 977 162 Mostellaria.

323 236 392 265 828.
414 242 510 273 puere
533 234 618 271 Both,
641 234 676 263 cf.
703 235 773 263 301.
826 233 884 262 Pro
911 229 1003 262 hasce
1025 234 1050 262 A
1073 237 1124 262 aut
1149 231 1240 270 ‚,hoc“
1272 237 1322 262 sut
1348 231 1437 269 „hos“

322 288 450 320 habere,
496 290 624 315 testatur
665 286 797 315 Studem.
838 285 945 314 Aunal.
986 285 1058 324 phil.
1099 285 1194 313 CXIII
1241 296 1268 323 p.
1304 285 1353 314 66.
1400 300 1440 305 -

322 341 392 368 829.
428 336 594 371 (Im-tarem,
630 338 777 374 ducerem,
812 338 1070 366 circumducere-ni.
1127 337 1183 365 Sed
1213 338 1282 374 quia
1305 337 1360 365 hoc
1383 336 1440 364 fre-

321 395 447 429 quenter
469 391 614 418 translata
636 390 852 425 significatione
875 399 928 427 pro
952 389 1088 427 decipere
1111 388 1272 416 utebantur
1295 385 1336 424 (v.
1356 388 1438 426 Capt.

323 440 408 479 1336),
439 452 527 469 senex
552 441 666 469 iocandi
691 451 778 470 causa
802 452 832 468 sc
857 441 971 469 ducturi
996 441 1074 468 nolle
1099 440 1180 470 dicit.
1210 441 1283 468 satis
1307 440 1439 473 ridicule,

321 495 432 531 quippe
466 493 516 530 qui
551 503 639 530 quum
671 494 794 521 maxime
825 492 1001 530 decipiatur.
1038 507 1078 511 -—
1112 488 1196 527 apud
1217 487 1321 526 forum
1344 493 1378 525 A,
1412 501 1439 518 v.

321 545 480 573 Abraham.
515 546 591 572 Anu.
620 544 692 581 phil.
722 544 824 581 Suppl.
855 543 922 572 XIV
952 553 980 581 p.
1012 545 1081 571 207.
1121 543 1175 576 ..ad
1210 541 1323 571 forum“
1360 545 1439 578 cett„

321 609 348 625 v.
373 597 409 625 ad
433 597 515 625 Asin.
541 597 611 624 818.
642 610 683 615 —-
713 597 773 624 830
797 606 840 634 sq.
873 595 991 623 Lacuna
1015 594 1140 623 mediam
1164 598 1278 632 partem
1302 603 1440 621 versuum

321 648 428 683 hausit,
453 648 505 676 sed
528 647 606 676 felici
630 657 698 676 casu
722 647 859 676 librarius
883 647 1001 675 eosdem
1025 656 1127 675 versus
1150 649 1219 684 post
1242 655 1268 673 v.
1283 646 1341 673 801
1364 645 1440 673 anti-

321 701 444 738 cipuvit;
479 699 548 727 inde
572 701 630 728 831
656 709 777 738 prorsus
800 699 919 727 restitui
942 701 1055 736 potest3
1090 699 1220 735 priorem
1244 697 1295 725 illo
1320 697 1383 724 loco
1407 696 1440 724 li-

320 752 436 780 brarius
459 761 516 780 non
539 751 613 780 nihil
636 752 771 785 mutavit,
795 751 847 779 sed
869 750 1000 778 servavit
1023 749 1102 787 quod
1126 750 1172 777 hic
1189 749 1288 787 periit,
1305 745 1439 784 perduc-

321 803 424 839 torem,
449 803 526 831 unde
545 803 729 831 Camerarius
748 802 915 830 felicissime
933 802 1031 829 omnin
1050 801 1192 829 restituit.
1243 800 1275 828 In
1294 801 1319 828 A
1339 799 1440 827 eadem

320 855 378 892 legi
391 853 585 882 Studemund.
598 857 736 889 testatur,
751 864 776 882 v.
790 853 926 890 Seyffert.
939 852 1023 881 Stud.
1040 853 1135 881 Plnut.
1149 862 1177 890 p.
1192 853 1238 881 11.
1264 851 1441 879 Ritschelius

322 907 481 943 assumptis
504 905 787 943 interpolationibus
809 906 994 943 grammatici
1017 908 1077 932 tres
1101 913 1202 932 versus
1224 903 1347 931 fecerat:

363 957 425 985 ΤΗ.
449 959 552 994 Apage
575 958 663 986 istum
687 956 967 985 circumductorem:
994 956 1033 984 nil
1058 965 1155 983 moror
1179 954 1337 982 ductarier.

363 1009 407 1037 SI.
431 1010 522 1037 Aedis
545 1009 619 1037 dico.
644 1009 694 1037 uin
718 1010 768 1046 qui
785 1012 814 1037 te
827 1006 1007 1046 perductet?
1031 1006 1092 1035 ΤΗ.
1117 1008 1234 1044 Apage:
1260 1015 1317 1034 nou
1330 1005 1438 1043 placet.

363 1060 509 1098 Quicquid
532 1064 586 1095 est,
610 1059 715 1088 errabo
738 1061 838 1096 potius
860 1069 947 1096 quam
971 1059 1127 1097 perductet
1151 1058 1306 1095 quispiam.

363 1110 419 1148 [SI.
444 1112 507 1140 Tuo
531 1107 704 1149 arbitratu]
729 1111 791 1139 ΤΗ.
815 1110 895 1148 Ergo
919 1121 953 1139 eo
976 1111 1067 1148 igitur
1090 1111 1152 1138 sine
1175 1109 1364 1147 perductore.

320 1164 389 1192 832.
414 1163 542 1192 Librarii
563 1163 698 1191 lacunam
712 1173 774 1191 esse
787 1165 940 1200 putarunt,
965 1172 1142 1199 quamquam
1155 1161 1227 1189 nihil
1241 1160 1438 1194 desideratur,

318 1219 351 1244 ut
375 1216 445 1244 768.
469 1230 510 1234 --
533 1212 633 1243 Aedis
656 1215 700 1243 ed.
726 1225 770 1252 pr.
794 1214 896 1249 Immo,
922 1215 1019 1251 inquit
1043 1214 1130 1248 Simo,
1155 1222 1214 1241 non
1237 1212 1438 1249 promiseram,

318 1269 368 1305 qui
392 1270 421 1295 te
445 1267 594 1302 ductaret,
630 1266 681 1295 sed
710 1267 760 1304 qui
785 1266 861 1294 aedes
885 1269 914 1293 te
938 1265 1179 1293 circumduceret.
1235 1261 1320 1300 Eryo
1343 1260 1440 1300 iyitur

318 1319 427 1356 legitur
460 1319 549 1347 etiam
583 1318 665 1346 Trin.
691 1319 767 1353 7583
804 1317 928 1354 „Itaque
952 1316 1039 1355 ergo“
1078 1316 1143 1344 Ter.
1174 1315 1248 1344 Eun.
1279 1316 1349 1344 317.
1395 1314 1437 1342 Cf.

318 1381 409 1408 supra
444 1371 520 1399 803:
559 1370 682 1407 „edepol
717 1368 881 1407 p1·ofecto·‘.
915 1383 958 1387 —
992 1369 1061 1397 833.
1100 1368 1181 1403 „est“
1219 1367 1275 1395 del.
1311 1366 1356 1395 ed.
1392 1375 1437 1404 pr.

320 1438 359 1441 —
382 1430 420 1450 ne
443 1420 541 1456 cani8‚
565 1431 604 1450 sc.
629 1421 676 1455 sit,
699 1421 734 1449 cf.
759 1420 846 1458 Epid.
872 1421 921 1448 21.
967 1420 1091 1448 Constat
1114 1419 1251 1456 antiquos
1269 1418 1386 1446 Graecos
1410 1421 1440 1445 et

320 1474 464 1502 Romanos
489 1474 646 1501 catenariis
669 1473 790 1501 cunibus
813 1481 882 1500 usos
905 1481 967 1499 esse
990 1471 1026 1499 ad
1051 1471 1127 1499 ostia
1149 1470 1296 1499 servanda
1325 1473 1354 1497 et
1377 1469 1438 1497 vul-

318 1527 396 1566 garis
431 1525 592 1554 admonitio
627 1529 690 1552 erat
723 1524 902 1560 εὐλαβεῖσθαι
935 1524 980 1557 τὴν
1014 1524 1078 1550 κύνα
1113 1519 1278 1559 (Aristoph.
1312 1520 1438 1558 Lysistr.

323 1574 427 1614 1215),
451 1581 502 1605 aut
528 1586 617 1611 „caue
641 1575 772 1611 canem“‚
802 1575 881 1613 quod
905 1576 995 1603 etiam
1018 1575 1132 1602 musivo
1155 1583 1245 1611 opere
1269 1581 1438 1610 expressum

319 1631 349 1657 in
383 1629 482 1657 limine
509 1628 688 1665 Pompeiano
718 1627 837 1663 legitur.
873 1641 913 1646 —
947 1623 1019 1654 uide
1049 1625 1093 1653 ed.
1129 1635 1173 1663 pr.
1207 1638 1250 1643 —
1284 1624 1354 1652 834.
1379 1620 1442 1652 Est

318 1680 492 1718 Spengelius
512 1679 607 1708 Plaut.
633 1689 660 1716 p.
679 1680 715 1707 14
740 1679 903 1707 rectissime
927 1676 1136 1705 animadvertit
1158 1686 1215 1704 non
1239 1685 1302 1704 esse
1315 1674 1439 1704 verbum

318 1732 544 1767 substantivum,
569 1731 620 1759 sed
643 1740 757 1766 sonum,
781 1740 839 1768 quo
862 1739 962 1758 canem
986 1729 1106 1766 abigere
1129 1731 1250 1756 conatur
1274 1727 1320 1756 vel
1340 1727 1439 1755 conari

319 1794 350 1811 se
373 1783 491 1811 simulat
514 1783 639 1817 Trani03
668 1783 768 1819 itaque
792 1778 829 1810 St
851 1780 1047 1809 scribendum.
1092 1779 1172 1807 Idem
1197 1778 1372 1816 Spengelius
1395 1781 1439 1806 to-

318 1838 381 1862 tum
405 1844 521 1862 versum
546 1832 703 1862 Tranionis
727 1843 788 1861 esse
813 1833 902 1868 vidit,
932 1842 1017 1869 quem
1042 1832 1105 1860 cod.
1130 1831 1152 1859 B
1182 1832 1259 1859 inter
1287 1839 1386 1857 senem
1410 1832 1440 1857 et

319 1896 451 1922 servum,
487 1885 614 1913 editores
643 1888 741 1913 autem
770 1885 799 1912 in
828 1884 929 1922 plures
953 1884 1042 1912 etiam
1066 1887 1167 1921 partes
1190 1882 1362 1910 diviserunt.
1398 1895 1439 1899 —

320 1935 461 1972 (lierecla,
487 1949 512 1965 v.
544 1937 580 1965 ad
604 1936 708 1965 Bacch.
734 1937 804 1964 577.
840 1950 880 1954 —
915 1935 985 1963 835.
1021 1933 1119 1963 restat
1151 1933 1230 1962 edidi
1260 1943 1323 1961 cum
1355 1932 1376 1960 B
1405 1933 1439 1960 ut

319 1989 398 2024 Lor.‚
424 1989 528 2026 Bugg.,
559 1988 610 2016 sed
634 1986 852 2025 Tlieopropidis
883 1986 970 2014 verbu
1002 1986 1154 2021 videntur,
1185 1995 1243 2013 non
1266 1984 1438 2018 '1‘1-auionis;

319 2043 387 2068 cett.
413 2040 493 2068 edd:
521 2038 664 2075 „restas“.
698 2053 738 2058 --
773 2035 862 2066 modo
886 2037 919 2066 R..
945 2037 1069 2066 addidit..
1106 2051 1142 2056 -
1179 2038 1249 2065 836.
1275 2033 1351 2064 Tam
1368 2031 1438 2071 pla-

319 2089 419 2121 cidast
429 2099 522 2129 quam
534 2091 579 2119 est
591 2099 672 2129 aqua
684 2090 878 2127 Camerarius,
903 2090 954 2118 lt:
973 2099 1078 2127 „quam
1090 2088 1236 2126 placidust
1249 2085 1354 2125 uqua“,
1379 2086 1439 2114 Leo
