1596 2478
136 196 171 227 11,
191 198 213 228 2,
236 197 333 222 17—24
633 196 773 230 Epidicus.
1218 198 1257 228 21

566 290 822 331 Periphanes

848 344 927 385 Ego,
951 354 1022 376 sum
1046 344 1257 385 Periphanes.

575 403 808 444 Apoecides

134 458 175 489 Et
198 468 257 498 ego
282 457 466 499 Apoecides
490 468 571 489 suni.

597 517 795 558 Epidicus

329 571 371 603 Et
394 581 453 611 ego
477 571 608 612 quidem
633 581 704 602 sum
730 570 893 611 Epidicus.
939 571 1010 609 Sed,
1035 582 1099 608 ere,
1124 574 1260 612 optuma

133 625 199 657 Uos
222 625 318 657 uideo
341 625 590 666 opportunitate
614 624 710 655 ambo
735 624 900 656 aduenire.

571 692 594 723 P
603 703 619 723 e
627 693 659 723 ri
668 703 688 733 p
697 692 716 723 h
725 702 744 724 a
752 703 771 723 n
781 702 797 723 e
805 703 820 724 s

962 746 1045 784 Quid
1070 748 1173 779 reist?

597 799 622 831 E
631 800 668 840 pi
678 799 715 831 di
725 810 769 831 cu
778 810 793 831 s

130 855 227 886 Mane
249 855 313 892 sis;
338 855 407 886 sine
431 855 597 895 respirem,
623 864 755 894 quaeso.

569 922 820 963 Periphanes

629 976 730 1007 Immo
755 977 940 1018 adquiesce.

543 1035 742 1076 Epidicus

878 1091 994 1122 Animo
1020 1091 1103 1122 male
1127 1094 1186 1122 est.
1208 1100 1258 1126 205

568 1143 819 1183 Periphanes

131 1196 251 1238 Recipe
276 1197 472 1236 anhelitum3
497 1197 674 1229 clementer
697 1198 873 1238 requiesce.

593 1266 788 1307 Epidicus

904 1322 1052 1353 Animum
1078 1322 1254 1354 aduortite.

130 1374 154 1404 A
179 1374 305 1414 legione
329 1385 440 1406 omnes
463 1375 592 1405 remissi
616 1378 693 1405 sunt
716 1375 847 1406 domum
871 1375 1000 1406 Thebis.

579 1434 806 1475 Apoecides

1099 1489 1178 1528 Quis
1200 1489 1258 1521 hoo

131 1529 226 1562 Dicit
249 1531 395 1562 factum?

590 1585 788 1625 Epidicus

408 1638 478 1678 Ego
500 1640 548 1670 ita
571 1639 695 1670 factum
719 1650 792 1670 esse
817 1639 899 1671 dico.

567 1698 823 1739 Periphanes

901 1754 977 1785 Scin
1001 1757 1037 1785 tu
1060 1754 1167 1785 istuc?

537 1800 540 1803 '
590 1812 788 1852 Epidicus

1171 1868 1254 1900 Scio.

560 1921 814 1962 Periphanes

129 1972 191 2010 Qui
215 1976 251 2004 tu
276 1974 360 2005 scis?

197 2093 247 2117 202
265 2092 455 2125 pheriphanes
497 2094 546 2119 203
566 2094 647 2120 ambo
668 2094 799 2120 aduenire
819 2095 1031 2128 opporbunitate
1077 2095 1126 2120 205
1146 2095 1184 2120 sis
1203 2103 1254 2121 om.

128 2135 178 2160 206
196 2134 339 2168 Recipiam
359 2135 520 2162 anhelitum.
540 2136 620 2163 PER.
691 2138 741 2164 207
760 2138 826 2170 Quis
845 2137 898 2162 hoc
918 2145 968 2163 om.
1044 2138 1094 2163 208
1111 2156 1184 2164 .....
1202 2138 1255 2163 scit
