1596 2478
152 159 199 193 111,
221 162 243 191 1,
261 160 344 186 3-25
624 160 801 187 Mostellaria.

152 255 175 286 Α
201 255 283 286 mani
308 255 349 286 ad
373 257 499 286 noctem
523 265 625 295 usque
649 255 679 286 in
705 255 775 287 foro
799 255 880 296 dego
905 255 1002 295 diem;

152 309 274 341 Locare
297 309 424 349 argenti
448 308 567 340 nemini
591 319 758 340 nummum
782 316 874 349 queo.

637 376 784 408 Tranio

151 433 243 464 Nunc
267 431 317 472 pol
343 441 400 470 ego
424 431 504 471 perii
528 430 623 471 plane
646 431 678 461 in
704 434 898 471 perpetuum
924 431 1063 463 modum.

151 486 287 517 Danista
311 485 413 523 adest,
437 485 491 525 qui
517 485 607 516 dedit
630 485 789 524 amentum
812 483 946 522 faenore,

149 540 210 578 Qui
235 539 339 570 amica
362 542 412 570 est
433 542 542 580 empta
566 549 696 580 quoque
720 547 798 577 opus
819 538 852 569 in
877 542 1020 578 sumptus
1041 539 1112 577 fuit.

149 592 323 625 Manifesta
346 603 398 624 res
422 596 481 629 est,
504 594 566 624 nisi
591 592 669 634 quid
695 602 829 624 occurro
854 593 952 633 prius,

148 647 196 678 Ne
220 647 282 678 hoc
305 657 402 678 senex
426 647 590 679 resciscat.
637 646 695 678 Ibo
719 645 795 677 huic
819 646 959 677 obuiam.

149 701 211 733 Sed
235 701 389 742 quidnam
412 701 466 733 hic
489 712 560 733 sese
585 706 652 732 tam
675 701 740 732 cito
764 700 880 740 recipit
903 701 1056 732 domum?

149 757 257 788 Metuo
282 766 321 787 ne
344 755 383 786 de
407 755 468 787 hac
490 766 525 786 re
549 754 716 796 quidpiam
740 754 971 787 indaudiuerit.

149 809 306 842 Accedam
331 812 430 850 atque
454 809 637 850 adpellabo.
686 809 732 846 Ei,
757 819 855 850 quain
880 810 978 840 timeo
1003 811 1112 842 miser!

147 864 234 896 Nihil
259 868 309 896 est
333 864 480 895 miserius
504 874 600 904 quani
625 863 751 894 animus
777 862 915 895 hominis
941 865 1098 900 conscius,

148 916 239 948 Sicut
262 926 352 948 meus
374 927 456 948 mmo
478 917 588 949 habet.
634 917 755 949 Uerum
779 921 852 948 utut
875 928 927 949 res
953 929 1023 950 sese
1047 919 1156 958 habet,

148 970 283 1011 Pergam
308 972 443 1003 turbare
468 982 579 1012 porr03
605 972 652 1002 ita
676 971 756 1003 haec
780 982 832 1002 res
858 971 1011 1012 postulat.

148 1024 240 1056 Unde
264 1026 316 1057 is'?

555 1079 866 1121 Theopropides

301 1134 444 1166 Conueni
468 1134 569 1198 sshssm'
594 1134 680 1166 unde
703 1134 800 1166 hasce
823 1134 915 1166 aedis
940 1146 1090 1167 emeram.

631 1202 779 1235 Tranio

148 1257 230 1289 Num
256 1257 334 1298 quid
358 1257 470 1289 dixisti
495 1257 534 1289 de
558 1257 625 1295 illo,
649 1257 736 1298 quod
761 1257 825 1288 dixi
850 1257 934 1289 tibi?

556 1317 861 1358 Theopropides

149 1372 222 1403 Dixi
246 1372 354 1404 hercle
378 1382 457 1404 uero
481 1373 596 1404 omnia.

631 1431 783 1464 Tranio

642 1486 679 1517 Ei
705 1487 823 1518 misero
848 1487 941 1518 mihi!

149 1540 257 1572 Metuo
281 1551 320 1572 ne
345 1539 496 1572 techinae
521 1551 611 1572 meae
636 1545 794 1581 perpetuo
819 1542 986 1581 perierint.

556 1600 864 1641 Theopropides

147 1652 231 1691 Quid
256 1656 320 1685 tute
343 1655 472 1685 tecum?

630 1715 781 1746 Tranio

514 1769 604 1801 Nihil
628 1770 721 1801 enim.
767 1770 828 1801 Sed
854 1770 906 1801 dic
930 1770 1023 1801 mihi:

148 1823 258 1854 Dixtin
284 1832 405 1863 quaeso
430 1823 547 1855 hercle?

1210 162 1266 190 103

1217 440 1267 466 525

1215 712 1266 736 530

1217 981 1267 1008 535

1218 1780 1268 1804 540

214 1934 263 1960 523
282 1942 364 1960 mane
469 1935 518 1960 526
537 1934 665 1961 dedit...
770 1936 819 1961 527
838 1944 963 1968 quoque.
977 1956 982 1960 .
994 1954 999 1959 .
1011 1953 1017 1959 .
1122 1938 1172 1962 528
1191 1936 1266 1969 quod

145 1978 195 2002 629
213 1977 346 2003 rescissat
425 1977 462 2002 ibi
483 1976 504 2002 C
586 1979 636 2004 530
653 1978 724 2004 scito
745 1978 766 2004 C
846 1979 893 2004 531
914 1979 1083 2004 inaudiuerit

1169 1980 1219 2005 532
1238 1983 1268 2005 et

145 2021 195 2045 534
215 2029 257 2045 me
277 2019 362 2045 habet
414 2029 456 2045 res
476 2028 535 2045 esse
554 2029 582 2046 se
636 2022 686 2046 536
705 2021 745 2046 his
800 2021 927 2047 hascedxs
948 2021 969 2046 G
1021 2022 1071 2047 537
1090 2022 1161 2048 dixit
1214 2023 1266 2048 538

147 2062 194 2089 U&
213 2062 247 2095 B,
267 2067 295 2088 et
315 2062 337 2089 C
418 2062 573 2096 Sequuntur
589 2065 646 2090 542
663 2067 688 2090 et
706 2064 829 2090 546-48
847 2072 895 2090 suo
915 2064 972 2090 loco
991 2064 1133 2091 redeuntes

1216 2066 1266 2090 539

147 2106 277 2139 perirriut
299 2106 320 2131 Ο
384 2107 434 2131 540
452 2110 480 2132 tu
501 2111 592 2132 tecum
660 2106 701 2132 dit
722 2106 743 2132 C
808 2108 854 2132 541
876 2107 954 2132 Dixit
973 2107 1000 2132 in
1021 2108 1042 2133 C
1101 2107 1196 2133 hercle
1216 2116 1265 2133 om.
