<?xml version="1.0" encoding="UTF-8"?>
<!DOCTYPE html PUBLIC "-//W3C//DTD XHTML 1.0 Transitional//EN"
    "http://www.w3.org/TR/xhtml1/DTD/xhtml1-transitional.dtd">
<html xmlns="http://www.w3.org/1999/xhtml" xml:lang="en" lang="en">
 <head>
  <title>
</title>
<meta http-equiv="Content-Type" content="text/html;charset=utf-8" />
  <meta name='ocr-system' content='tesseract 3.04.00' />
  <meta name='ocr-capabilities' content='ocr_page ocr_carea ocr_par ocr_line ocrx_word'/>
</head>
<body>
  <div class='ocr_page' id='page_1' title='image "./comoediaerecensu03plauuoft_0354.png"; bbox 0 0 1596 2478; ppageno 0'>
   <div class='ocr_carea' id='block_1_1' title="bbox 288 170 1408 212">
    <p class='ocr_par' dir='ltr' id='par_1_1' title="bbox 288 170 1408 212">
     <span class='ocr_line' id='line_1_1' title="bbox 288 170 1408 212; baseline -0.015 0"><span class='ocrx_word' id='word_1_1' title='bbox 288 170 350 212; x_wconf 58' lang='lat'>136⁶</span> <span class='ocrx_word' id='word_1_2' title='bbox 809 177 901 204; x_wconf 75' lang='lat' dir='ltr'><strong>Plauti</strong></span> <span class='ocrx_word' id='word_1_3' title='bbox 1198 177 1246 211; x_wconf 57' lang='lat' dir='ltr'><strong>lv.</strong></span> <span class='ocrx_word' id='word_1_4' title='bbox 1264 178 1287 210; x_wconf 62' lang='lat'><strong>2,</strong></span> <span class='ocrx_word' id='word_1_5' title='bbox 1306 178 1408 204; x_wconf 76' lang='lat'>43-52</span> 
     </span>
    </p>
   </div>
   <div class='ocr_carea' id='block_1_2' title="bbox 285 270 1404 583">
    <p class='ocr_par' dir='ltr' id='par_1_2' title="bbox 285 270 1404 583">
     <span class='ocr_line' id='line_1_2' title="bbox 737 270 958 302; baseline -0.005 0"><span class='ocrx_word' id='word_1_6' title='bbox 737 270 958 302; x_wconf 73' lang='lat' dir='ltr'><strong>Phaniscus</strong></span> 
     </span>
     <span class='ocr_line' id='line_1_3' title="bbox 370 324 1404 363; baseline -0.001 -6"><span class='ocrx_word' id='word_1_7' title='bbox 370 326 527 357; x_wconf 85' lang='lat' dir='ltr'>Triduum</span> <span class='ocrx_word' id='word_1_8' title='bbox 552 336 650 356; x_wconf 90' lang='lat' dir='ltr'><strong>unum</strong></span> <span class='ocrx_word' id='word_1_9' title='bbox 674 328 725 356; x_wconf 87' lang='lat' dir='ltr'><strong>est</strong></span> <span class='ocrx_word' id='word_1_10' title='bbox 748 324 837 356; x_wconf 78' lang='lat' dir='ltr'><strong>haud</strong></span> <span class='ocrx_word' id='word_1_11' title='bbox 860 325 1079 357; x_wconf 84' lang='lat' dir='ltr'><strong>intermissum</strong></span> <span class='ocrx_word' id='word_1_12' title='bbox 1103 325 1156 356; x_wconf 90' lang='lat' dir='ltr'><strong>hic</strong></span> <span class='ocrx_word' id='word_1_13' title='bbox 1180 325 1245 357; x_wconf 87' lang='lat' dir='ltr'><strong>essi</strong></span> <span class='ocrx_word' id='word_1_14' title='bbox 1269 328 1301 356; x_wconf 83' lang='lat' dir='ltr'><strong>et</strong></span> <span class='ocrx_word' id='word_1_15' title='bbox 1326 324 1404 363; x_wconf 88' lang='lat' dir='ltr'>bibi,</span> 
     </span>
     <span class='ocr_line' id='line_1_4' title="bbox 286 378 1112 419; baseline -0.002 -7"><span class='ocrx_word' id='word_1_16' title='bbox 286 380 403 412; x_wconf 83' lang='lat' dir='ltr'><strong>Scorta</strong></span> <span class='ocrx_word' id='word_1_17' title='bbox 426 379 510 417; x_wconf 84' lang='lat' dir='ltr'><strong>duci,</strong></span> <span class='ocrx_word' id='word_1_18' title='bbox 537 379 752 419; x_wconf 80' lang='lat' dir='ltr'><strong>pergraecari,</strong></span> <span class='ocrx_word' id='word_1_19' title='bbox 776 378 935 415; x_wconf 81' lang='lat' dir='ltr'><strong>fidicinas,</strong></span> <span class='ocrx_word' id='word_1_20' title='bbox 959 378 1112 410; x_wconf 78' lang='lat' dir='ltr'><strong>tibicinas</strong></span> 
     </span>
     <span class='ocr_line' id='line_1_5' title="bbox 285 434 466 474; baseline -0.011 -8"><span class='ocrx_word' id='word_1_21' title='bbox 285 434 306 474; x_wconf 91' lang='lat'>†</span> <span class='ocrx_word' id='word_1_22' title='bbox 330 434 466 465; x_wconf 82' lang='lat' dir='ltr'><strong>Ducere.</strong></span> 
     </span>
     <span class='ocr_line' id='line_1_6' title="bbox 690 491 1000 532; baseline 0.003 -10"><span class='ocrx_word' id='word_1_23' title='bbox 690 491 1000 532; x_wconf 82' lang='lat' dir='ltr'><strong>Theopropides</strong></span> 
     </span>
     <span class='ocr_line' id='line_1_7' title="bbox 463 544 856 583; baseline 0 -7"><span class='ocrx_word' id='word_1_24' title='bbox 463 544 543 583; x_wconf 85' lang='lat' dir='ltr'><strong>Quis</strong></span> <span class='ocrx_word' id='word_1_25' title='bbox 566 545 670 577; x_wconf 83' lang='lat' dir='ltr'><strong>istaec</strong></span> <span class='ocrx_word' id='word_1_26' title='bbox 692 544 856 576; x_wconf 78' lang='lat' dir='ltr'><strong>faciebat?</strong></span> 
     </span>
    </p>
   </div>
   <div class='ocr_carea' id='block_1_3' title="bbox 734 612 1070 699">
    <p class='ocr_par' dir='ltr' id='par_1_3' title="bbox 734 612 1070 699">
     <span class='ocr_line' id='line_1_8' title="bbox 734 612 958 644; baseline 0 0"><span class='ocrx_word' id='word_1_27' title='bbox 734 613 758 644; x_wconf 89' lang='lat' dir='ltr'>P</span> <span class='ocrx_word' id='word_1_28' title='bbox 766 612 786 644; x_wconf 91' lang='lat' dir='ltr'><strong>h</strong></span> <span class='ocrx_word' id='word_1_29' title='bbox 794 623 813 644; x_wconf 83' lang='lat' dir='ltr'><strong>a</strong></span> <span class='ocrx_word' id='word_1_30' title='bbox 820 624 840 644; x_wconf 90' lang='lat' dir='ltr'><strong>n</strong></span> <span class='ocrx_word' id='word_1_31' title='bbox 849 613 882 644; x_wconf 82' lang='lat' dir='ltr'><strong>is</strong></span> <span class='ocrx_word' id='word_1_32' title='bbox 890 623 907 644; x_wconf 93' lang='lat' dir='ltr'><strong>c</strong></span> <span class='ocrx_word' id='word_1_33' title='bbox 914 624 933 644; x_wconf 93' lang='lat' dir='ltr'>u</span> <span class='ocrx_word' id='word_1_34' title='bbox 943 623 958 644; x_wconf 80' lang='lat' dir='ltr'>s</span> 
     </span>
     <span class='ocr_line' id='line_1_9' title="bbox 850 666 1070 699; baseline -0.005 -2"><span class='ocrx_word' id='word_1_35' title='bbox 850 666 1070 699; x_wconf 76' lang='lat' dir='ltr'><strong>Philolaches.</strong></span> 
     </span>
    </p>
   </div>
   <div class='ocr_carea' id='block_1_4' title="bbox 697 743 1411 823">
    <p class='ocr_par' dir='ltr' id='par_1_4' title="bbox 697 743 1411 823">
     <span class='ocr_line' id='line_1_10' title="bbox 697 743 1005 784; baseline 0 -10"><span class='ocrx_word' id='word_1_36' title='bbox 697 743 1005 784; x_wconf 81' lang='lat' dir='ltr'><strong>Theopropides</strong></span> 
     </span>
     <span class='ocr_line' id='line_1_11' title="bbox 1097 785 1411 823; baseline -0.003 -5"><span class='ocrx_word' id='word_1_37' title='bbox 1097 785 1160 823; x_wconf 86' lang='lat' dir='ltr'><strong>Qui</strong></span> <span class='ocrx_word' id='word_1_38' title='bbox 1184 785 1411 818; x_wconf 78' lang='lat' dir='ltr'><strong>Philolaches?</strong></span> 
     </span>
    </p>
   </div>
   <div class='ocr_carea' id='block_1_5' title="bbox 287 845 1054 940">
    <p class='ocr_par' dir='ltr' id='par_1_5' title="bbox 287 845 1054 940">
     <span class='ocr_line' id='line_1_12' title="bbox 734 845 960 877; baseline 0 -1"><span class='ocrx_word' id='word_1_39' title='bbox 734 845 960 877; x_wconf 84' lang='lat' dir='ltr'><strong>Phaniscus</strong></span> 
     </span>
     <span class='ocr_line' id='line_1_13' title="bbox 287 894 1054 940; baseline -0.001 -9"><span class='ocrx_word' id='word_1_40' title='bbox 287 900 372 938; x_wconf 83' lang='lat' dir='ltr'><strong>Quoi</strong></span> <span class='ocrx_word' id='word_1_41' title='bbox 395 903 522 940; x_wconf 85' lang='lat' dir='ltr'><strong>patrem</strong></span> <span class='ocrx_word' id='word_1_42' title='bbox 545 899 809 940; x_wconf 86' lang='lat' dir='ltr'><strong>Theopropidem</strong></span> <span class='ocrx_word' id='word_1_43' title='bbox 833 909 906 930; x_wconf 56' lang='lat' dir='ltr'><strong>esee</strong></span> <span class='ocrx_word' id='word_1_44' title='bbox 929 894 1054 939; x_wconf 83' lang='lat' dir='ltr'><strong>opinor.</strong></span> 
     </span>
    </p>
   </div>
   <div class='ocr_carea' id='block_1_6' title="bbox 289 969 1412 1161">
    <p class='ocr_par' dir='ltr' id='par_1_6' title="bbox 289 969 1412 1161">
     <span class='ocr_line' id='line_1_14' title="bbox 698 969 1005 1011; baseline 0 -10"><span class='ocrx_word' id='word_1_45' title='bbox 698 969 1005 1011; x_wconf 85' lang='lat' dir='ltr'><strong>Theopropides</strong></span> 
     </span>
     <span class='ocr_line' id='line_1_15' title="bbox 1109 1011 1326 1051; baseline 0.005 -8"><span class='ocrx_word' id='word_1_46' title='bbox 1109 1011 1189 1050; x_wconf 74' lang='lat' dir='ltr'><strong>Oiai,</strong></span> <span class='ocrx_word' id='word_1_47' title='bbox 1213 1012 1326 1051; x_wconf 89' lang='lat' dir='ltr'><strong>occidi,</strong></span> 
     </span>
     <span class='ocr_line' id='line_1_16' title="bbox 289 1066 1412 1107; baseline 0.001 -8"><span class='ocrx_word' id='word_1_48' title='bbox 289 1067 323 1099; x_wconf 84' lang='lat' dir='ltr'><strong>Si</strong></span> <span class='ocrx_word' id='word_1_49' title='bbox 345 1068 428 1099; x_wconf 83' lang='lat' dir='ltr'><strong>haec</strong></span> <span class='ocrx_word' id='word_1_50' title='bbox 451 1067 504 1098; x_wconf 91' lang='lat' dir='ltr'><strong>hic</strong></span> <span class='ocrx_word' id='word_1_51' title='bbox 527 1077 607 1098; x_wconf 84' lang='lat' dir='ltr'><strong>uera</strong></span> <span class='ocrx_word' id='word_1_52' title='bbox 623 1070 791 1098; x_wconf 85' lang='lat' dir='ltr'><strong>memorat.</strong></span> <span class='ocrx_word' id='word_1_53' title='bbox 838 1066 974 1107; x_wconf 83' lang='lat' dir='ltr'><strong>Pergam</strong></span> <span class='ocrx_word' id='word_1_54' title='bbox 994 1077 1092 1106; x_wconf 89' lang='lat' dir='ltr'><strong>porro</strong></span> <span class='ocrx_word' id='word_1_55' title='bbox 1110 1067 1341 1107; x_wconf 83' lang='lat' dir='ltr'><strong>percontarier.</strong></span> <span class='ocrx_word' id='word_1_56' title='bbox 1361 1075 1412 1101; x_wconf 85' lang='grc'><strong>945</strong></span> 
     </span>
     <span class='ocr_line' id='line_1_17' title="bbox 289 1119 1411 1161; baseline -0.001 -9"><span class='ocrx_word' id='word_1_57' title='bbox 289 1122 351 1152; x_wconf 89' lang='lat' dir='ltr'><strong>Ain</strong></span> <span class='ocrx_word' id='word_1_58' title='bbox 374 1124 410 1152; x_wconf 92' lang='lat' dir='ltr'><strong>tu</strong></span> <span class='ocrx_word' id='word_1_59' title='bbox 434 1121 508 1152; x_wconf 76' lang='lat' dir='ltr'><strong>istic</strong></span> <span class='ocrx_word' id='word_1_60' title='bbox 528 1125 642 1161; x_wconf 82' lang='lat' dir='ltr'><strong>potare</strong></span> <span class='ocrx_word' id='word_1_61' title='bbox 660 1121 792 1152; x_wconf 87' lang='lat' dir='ltr'><strong>solitum</strong></span> <span class='ocrx_word' id='word_1_62' title='bbox 812 1119 1033 1152; x_wconf 86' lang='lat' dir='ltr'><strong>Philolachem</strong></span> <span class='ocrx_word' id='word_1_63' title='bbox 1051 1121 1159 1158; x_wconf 83' lang='lat' dir='ltr'><strong>istum,</strong></span> <span class='ocrx_word' id='word_1_64' title='bbox 1183 1120 1332 1161; x_wconf 85' lang='lat' dir='ltr'><strong>quisquis</strong></span> <span class='ocrx_word' id='word_1_65' title='bbox 1351 1125 1411 1159; x_wconf 80' lang='lat' dir='ltr'><strong>est,</strong></span> 
     </span>
    </p>
   </div>
   <div class='ocr_carea' id='block_1_7' title="bbox 289 1173 606 1206">
    <p class='ocr_par' dir='ltr' id='par_1_7' title="bbox 289 1173 606 1206">
     <span class='ocr_line' id='line_1_18' title="bbox 289 1173 606 1206; baseline 0 0"><span class='ocrx_word' id='word_1_66' title='bbox 289 1173 369 1206; x_wconf 88' lang='lat' dir='ltr'><strong>Cum</strong></span> <span class='ocrx_word' id='word_1_67' title='bbox 393 1185 448 1206; x_wconf 88' lang='lat' dir='ltr'><strong>ero</strong></span> <span class='ocrx_word' id='word_1_68' title='bbox 473 1175 606 1206; x_wconf 81' lang='lat' dir='ltr'><strong>uostro&#39;?</strong></span> 
     </span>
    </p>
   </div>
   <div class='ocr_carea' id='block_1_8' title="bbox 550 1233 962 1328">
    <p class='ocr_par' dir='ltr' id='par_1_8' title="bbox 550 1233 962 1328">
     <span class='ocr_line' id='line_1_19' title="bbox 738 1233 962 1266; baseline 0 -1"><span class='ocrx_word' id='word_1_69' title='bbox 738 1233 962 1266; x_wconf 86' lang='lat' dir='ltr'><strong>Phaniscus</strong></span> 
     </span>
     <span class='ocr_line' id='line_1_20' title="bbox 550 1288 788 1328; baseline 0 -9"><span class='ocrx_word' id='word_1_70' title='bbox 550 1288 620 1325; x_wconf 85' lang='lat' dir='ltr'><strong>Hic,</strong></span> <span class='ocrx_word' id='word_1_71' title='bbox 643 1288 788 1328; x_wconf 82' lang='lat' dir='ltr'><strong>inquam.</strong></span> 
     </span>
    </p>
   </div>
   <div class='ocr_carea' id='block_1_9' title="bbox 290 1364 1407 1567">
    <p class='ocr_par' dir='ltr' id='par_1_9' title="bbox 290 1364 1407 1567">
     <span class='ocr_line' id='line_1_21' title="bbox 692 1364 1000 1405; baseline 0.003 -10"><span class='ocrx_word' id='word_1_72' title='bbox 692 1364 1000 1405; x_wconf 83' lang='lat' dir='ltr'><strong>Theopropides</strong></span> 
     </span>
     <span class='ocr_line' id='line_1_22' title="bbox 760 1418 1407 1459; baseline 0.003 -10"><span class='ocrx_word' id='word_1_73' title='bbox 760 1418 874 1456; x_wconf 89' lang='lat' dir='ltr'><strong>Puere,</strong></span> <span class='ocrx_word' id='word_1_74' title='bbox 898 1422 1029 1459; x_wconf 85' lang='lat' dir='ltr'><strong>praeter</strong></span> <span class='ocrx_word' id='word_1_75' title='bbox 1053 1419 1194 1459; x_wconf 82' lang='lat' dir='ltr'><strong>speciem</strong></span> <span class='ocrx_word' id='word_1_76' title='bbox 1218 1419 1340 1451; x_wconf 83' lang='lat' dir='ltr'><strong>stultus</strong></span> <span class='ocrx_word' id='word_1_77' title='bbox 1363 1430 1407 1451; x_wconf 84' lang='lat' dir='ltr'><strong>es.</strong></span> 
     </span>
     <span class='ocr_line' id='line_1_23' title="bbox 293 1471 1272 1513; baseline 0.001 -10"><span class='ocrx_word' id='word_1_78' title='bbox 293 1471 375 1503; x_wconf 85' lang='lat' dir='ltr'><strong>Uide</strong></span> <span class='ocrx_word' id='word_1_79' title='bbox 399 1473 444 1504; x_wconf 84' lang='lat' dir='ltr'><strong>sis</strong></span> <span class='ocrx_word' id='word_1_80' title='bbox 468 1483 508 1504; x_wconf 92' lang='lat' dir='ltr'><strong>ne</strong></span> <span class='ocrx_word' id='word_1_81' title='bbox 532 1472 616 1504; x_wconf 86' lang='lat' dir='ltr'><strong>forte</strong></span> <span class='ocrx_word' id='word_1_82' title='bbox 640 1473 681 1504; x_wconf 87' lang='lat' dir='ltr'><strong>ad</strong></span> <span class='ocrx_word' id='word_1_83' title='bbox 707 1472 892 1503; x_wconf 86' lang='lat' dir='ltr'><strong>merendam</strong></span> <span class='ocrx_word' id='word_1_84' title='bbox 918 1473 1074 1513; x_wconf 83' lang='lat' dir='ltr'><strong>quopiam</strong></span> <span class='ocrx_word' id='word_1_85' title='bbox 1098 1472 1272 1505; x_wconf 86' lang='lat' dir='ltr'><strong>diuorteris</strong></span> 
     </span>
     <span class='ocr_line' id='line_1_24' title="bbox 290 1525 1162 1567; baseline 0.001 -10"><span class='ocrx_word' id='word_1_86' title='bbox 290 1526 396 1567; x_wconf 82' lang='lat' dir='ltr'><strong>Atque</strong></span> <span class='ocrx_word' id='word_1_87' title='bbox 420 1526 464 1558; x_wconf 91' lang='lat' dir='ltr'><strong>ibi</strong></span> <span class='ocrx_word' id='word_1_88' title='bbox 489 1527 640 1567; x_wconf 74' lang='lat' dir='ltr'><strong>amplius,</strong></span> <span class='ocrx_word' id='word_1_89' title='bbox 665 1537 763 1566; x_wconf 84' lang='lat' dir='ltr'><strong>quam</strong></span> <span class='ocrx_word' id='word_1_90' title='bbox 788 1526 869 1557; x_wconf 84' lang='lat' dir='ltr'><strong>satis</strong></span> <span class='ocrx_word' id='word_1_91' title='bbox 893 1525 1001 1563; x_wconf 81' lang='lat' dir='ltr'><strong>fuerit,</strong></span> <span class='ocrx_word' id='word_1_92' title='bbox 1026 1526 1162 1558; x_wconf 83' lang='lat' dir='ltr'><strong>biberis.</strong></span> 
     </span>
    </p>
   </div>
   <div class='ocr_carea' id='block_1_10' title="bbox 733 1596 1410 1691">
    <p class='ocr_par' dir='ltr' id='par_1_10' title="bbox 733 1596 1410 1691">
     <span class='ocr_line' id='line_1_25' title="bbox 733 1596 958 1629; baseline 0 -1"><span class='ocrx_word' id='word_1_93' title='bbox 733 1596 757 1628; x_wconf 90' lang='lat' dir='ltr'>P</span> <span class='ocrx_word' id='word_1_94' title='bbox 765 1597 786 1628; x_wconf 91' lang='lat' dir='ltr'><strong>h</strong></span> <span class='ocrx_word' id='word_1_95' title='bbox 794 1607 814 1628; x_wconf 81' lang='lat' dir='ltr'><strong>a</strong></span> <span class='ocrx_word' id='word_1_96' title='bbox 821 1597 883 1629; x_wconf 88' lang='lat' dir='ltr'><strong>nis</strong></span> <span class='ocrx_word' id='word_1_97' title='bbox 890 1607 907 1628; x_wconf 91' lang='lat' dir='ltr'><strong>c</strong></span> <span class='ocrx_word' id='word_1_98' title='bbox 915 1608 935 1628; x_wconf 92' lang='lat' dir='ltr'><strong>u</strong></span> <span class='ocrx_word' id='word_1_99' title='bbox 943 1607 958 1628; x_wconf 84' lang='lat' dir='ltr'>s</span> 
     </span>
     <span class='ocr_line' id='line_1_26' title="bbox 947 1650 1410 1691; baseline 0 -9"><span class='ocrx_word' id='word_1_100' title='bbox 947 1650 1032 1689; x_wconf 86' lang='lat' dir='ltr'><strong>Quid</strong></span> <span class='ocrx_word' id='word_1_101' title='bbox 1055 1654 1105 1682; x_wconf 86' lang='lat' dir='ltr'><strong>est</strong></span> <span class='ocrx_word' id='word_1_102' title='bbox 1127 1650 1210 1691; x_wconf 80' lang='lat' dir='ltr'><strong>quod</strong></span> <span class='ocrx_word' id='word_1_103' title='bbox 1230 1661 1278 1682; x_wconf 84' lang='lat' dir='ltr'><strong>me</strong></span> <span class='ocrx_word' id='word_1_104' title='bbox 1299 1651 1386 1682; x_wconf 80' lang='lat' dir='ltr'><strong>rides</strong></span> <span class='ocrx_word' id='word_1_105' title='bbox 1395 1651 1410 1682; x_wconf 70' lang='grc' dir='ltr'><strong>ἱ)</strong></span> 
     </span>
    </p>
   </div>
   <div class='ocr_carea' id='block_1_11' title="bbox 290 1721 1413 1817">
    <p class='ocr_par' dir='ltr' id='par_1_11' title="bbox 290 1721 1413 1817">
     <span class='ocr_line' id='line_1_27' title="bbox 694 1721 1008 1763; baseline 0 -10"><span class='ocrx_word' id='word_1_106' title='bbox 694 1721 1008 1763; x_wconf 88' lang='lat' dir='ltr'><strong>Thoopropides</strong></span> 
     </span>
     <span class='ocr_line' id='line_1_28' title="bbox 290 1775 1413 1817; baseline 0.002 -10"><span class='ocrx_word' id='word_1_107' title='bbox 290 1776 341 1807; x_wconf 86' lang='lat' dir='ltr'><strong>Ita</strong></span> <span class='ocrx_word' id='word_1_108' title='bbox 365 1776 455 1808; x_wconf 88' lang='lat' dir='ltr'><strong>dico:</strong></span> <span class='ocrx_word' id='word_1_109' title='bbox 480 1786 520 1807; x_wconf 86' lang='lat' dir='ltr'><strong>ne</strong></span> <span class='ocrx_word' id='word_1_110' title='bbox 543 1776 586 1807; x_wconf 87' lang='lat' dir='ltr'><strong>ad</strong></span> <span class='ocrx_word' id='word_1_111' title='bbox 611 1775 693 1808; x_wconf 81' lang='lat' dir='ltr'><strong>alias</strong></span> <span class='ocrx_word' id='word_1_112' title='bbox 716 1776 808 1808; x_wconf 82' lang='lat' dir='ltr'><strong>aedis</strong></span> <span class='ocrx_word' id='word_1_113' title='bbox 833 1786 1004 1817; x_wconf 86' lang='lat' dir='ltr'><strong>perperam</strong></span> <span class='ocrx_word' id='word_1_114' title='bbox 1027 1785 1112 1806; x_wconf 85' lang='lat' dir='ltr'><strong>nunc</strong></span> <span class='ocrx_word' id='word_1_115' title='bbox 1135 1775 1273 1807; x_wconf 89' lang='lat' dir='ltr'><strong>ueneris.</strong></span> <span class='ocrx_word' id='word_1_116' title='bbox 1363 1783 1413 1809; x_wconf 79' lang='lat'><strong>950</strong></span> 
     </span>
    </p>
   </div>
   <div class='ocr_carea' id='block_1_12' title="bbox 290 1854 374 1857">
    <p class='ocr_par' dir='ltr' id='par_1_12' title="bbox 290 1854 374 1857">
     <span class='ocr_line' id='line_1_29' title="bbox 290 1854 374 1857; baseline 0 0"><span class='ocrx_word' id='word_1_117' title='bbox 290 1854 374 1857; x_wconf 95' lang='lat' dir='ltr'><strong> </strong></span> 
     </span>
    </p>
   </div>
   <div class='ocr_carea' id='block_1_13' title="bbox 377 1854 515 1857">
    <p class='ocr_par' dir='ltr' id='par_1_13' title="bbox 377 1854 515 1857">
     <span class='ocr_line' id='line_1_30' title="bbox 377 1854 515 1857; baseline 0 0"><span class='ocrx_word' id='word_1_118' title='bbox 377 1854 515 1857; x_wconf 95' lang='lat' dir='ltr'><strong> </strong></span> 
     </span>
    </p>
   </div>
   <div class='ocr_carea' id='block_1_14' title="bbox 290 1893 1411 2140">
    <p class='ocr_par' dir='ltr' id='par_1_14' title="bbox 290 1893 1411 2140">
     <span class='ocr_line' id='line_1_31' title="bbox 358 1893 1352 1921; baseline 0 -1"><span class='ocrx_word' id='word_1_119' title='bbox 358 1897 405 1920; x_wconf 78' lang='grc'><strong>941</strong></span> <span class='ocrx_word' id='word_1_120' title='bbox 428 1895 455 1920; x_wconf 90' lang='lat' dir='ltr'><strong>in</strong></span> <span class='ocrx_word' id='word_1_121' title='bbox 475 1903 559 1920; x_wconf 89' lang='lat' dir='ltr'><strong>unum</strong></span> <span class='ocrx_word' id='word_1_122' title='bbox 580 1897 621 1920; x_wconf 77' lang='lat' dir='ltr'><strong>est</strong></span> <span class='ocrx_word' id='word_1_123' title='bbox 641 1893 668 1920; x_wconf 88' lang='lat' dir='ltr'><em>B</em></span> <span class='ocrx_word' id='word_1_124' title='bbox 722 1902 782 1921; x_wconf 74' lang='lat' dir='ltr'><strong>ease</strong></span> <span class='ocrx_word' id='word_1_125' title='bbox 835 1895 886 1920; x_wconf 83' lang='grc'><strong>942</strong></span> <span class='ocrx_word' id='word_1_126' title='bbox 905 1894 951 1919; x_wconf 84' lang='lat' dir='ltr'><strong>ubi</strong></span> <span class='ocrx_word' id='word_1_127' title='bbox 972 1897 1000 1920; x_wconf 86' lang='lat' dir='ltr'><strong>et</strong></span> <span class='ocrx_word' id='word_1_128' title='bbox 1018 1902 1068 1920; x_wconf 80' lang='lat' dir='ltr'><strong>nas</strong></span> <span class='ocrx_word' id='word_1_129' title='bbox 1088 1893 1111 1920; x_wconf 82' lang='lat' dir='ltr'>C</span> <span class='ocrx_word' id='word_1_130' title='bbox 1159 1895 1210 1920; x_wconf 78' lang='lat'><strong>948</strong></span> <span class='ocrx_word' id='word_1_131' title='bbox 1229 1894 1283 1920; x_wconf 68' lang='lat' dir='ltr'><strong>ista</strong></span> <span class='ocrx_word' id='word_1_132' title='bbox 1301 1893 1352 1920; x_wconf 83' lang='lat' dir='ltr'><strong>hec</strong></span> 
     </span>
     <span class='ocr_line' id='line_1_32' title="bbox 291 1935 1409 1970; baseline -0.001 -8"><span class='ocrx_word' id='word_1_133' title='bbox 291 1937 363 1970; x_wconf 80' lang='lat' dir='ltr'><strong>Quid</strong></span> <span class='ocrx_word' id='word_1_134' title='bbox 383 1937 405 1963; x_wconf 82' lang='grc' dir='ltr'><em>Ο</em></span> <span class='ocrx_word' id='word_1_135' title='bbox 481 1938 530 1963; x_wconf 80' lang='grc'><strong>944</strong></span> <span class='ocrx_word' id='word_1_136' title='bbox 550 1936 635 1962; x_wconf 77' lang='lat' dir='ltr'><strong>Cuius</strong></span> <span class='ocrx_word' id='word_1_137' title='bbox 654 1937 679 1962; x_wconf 72' lang='lat' dir='ltr'><strong><em>A</em></strong></span> <span class='ocrx_word' id='word_1_138' title='bbox 759 1936 933 1970; x_wconf 83' lang='lat' dir='ltr'><strong>teoropidem</strong></span> <span class='ocrx_word' id='word_1_139' title='bbox 953 1937 986 1968; x_wconf 76' lang='lat' dir='ltr'><strong>A,</strong></span> <span class='ocrx_word' id='word_1_140' title='bbox 1007 1935 1222 1970; x_wconf 84' lang='lat' dir='ltr'><strong>theupropidem</strong></span> <span class='ocrx_word' id='word_1_141' title='bbox 1242 1936 1276 1966; x_wconf 84' lang='grc' dir='ltr'><strong>Β,</strong></span> <span class='ocrx_word' id='word_1_142' title='bbox 1297 1936 1409 1962; x_wconf 76' lang='lat' dir='ltr'><strong>theuro-</strong></span> 
     </span>
     <span class='ocr_line' id='line_1_33' title="bbox 291 1978 1410 2013; baseline -0.001 -8"><span class='ocrx_word' id='word_1_143' title='bbox 291 1980 383 2013; x_wconf 78' lang='lat' dir='ltr'><strong>pidem</strong></span> <span class='ocrx_word' id='word_1_144' title='bbox 405 1979 427 2005; x_wconf 85' lang='lat'><em>0</em></span> <span class='ocrx_word' id='word_1_145' title='bbox 495 1983 520 2005; x_wconf 79' lang='lat' dir='ltr'><strong>et</strong></span> <span class='ocrx_word' id='word_1_146' title='bbox 542 1979 571 2011; x_wconf 78' lang='lat'><strong>0,</strong></span> <span class='ocrx_word' id='word_1_147' title='bbox 590 1979 608 2005; x_wconf 83' lang='lat' dir='ltr'>S</span> <span class='ocrx_word' id='word_1_148' title='bbox 628 1979 689 2005; x_wconf 91' lang='grc' dir='ltr'><strong>..Β</strong></span> <span class='ocrx_word' id='word_1_149' title='bbox 759 1980 809 2004; x_wconf 83' lang='grc'><strong>946</strong></span> <span class='ocrx_word' id='word_1_150' title='bbox 829 1980 901 2005; x_wconf 79' lang='lat' dir='ltr'><strong>istuc</strong></span> <span class='ocrx_word' id='word_1_151' title='bbox 920 1983 1035 2012; x_wconf 75' lang='lat' dir='ltr'><strong>portare</strong></span> <span class='ocrx_word' id='word_1_152' title='bbox 1105 1979 1206 2005; x_wconf 74' lang='lat' dir='ltr'><strong>silitum</strong></span> <span class='ocrx_word' id='word_1_153' title='bbox 1226 1979 1252 2004; x_wconf 77' lang='lat' dir='ltr'><strong><em>A</em></strong></span> <span class='ocrx_word' id='word_1_154' title='bbox 1321 1978 1410 2011; x_wconf 85' lang='lat' dir='ltr'><strong>philo-</strong></span> 
     </span>
     <span class='ocr_line' id='line_1_34' title="bbox 291 2020 1411 2054; baseline -0.001 -6"><span class='ocrx_word' id='word_1_155' title='bbox 291 2022 390 2048; x_wconf 76' lang='lat' dir='ltr'><strong>lnchen</strong></span> <span class='ocrx_word' id='word_1_156' title='bbox 410 2022 431 2048; x_wconf 85' lang='lat' dir='ltr'><strong><em>G</em></strong></span> <span class='ocrx_word' id='word_1_157' title='bbox 499 2024 549 2048; x_wconf 77' lang='lat'><strong>947</strong></span> <span class='ocrx_word' id='word_1_158' title='bbox 568 2026 664 2048; x_wconf 81' lang='lat' dir='ltr'><strong>nost-ra</strong></span> <span class='ocrx_word' id='word_1_159' title='bbox 734 2021 784 2047; x_wconf 76' lang='lat' dir='ltr'><strong>hoc</strong></span> <span class='ocrx_word' id='word_1_160' title='bbox 854 2023 905 2048; x_wconf 74' lang='lat'><strong>948</strong></span> <span class='ocrx_word' id='word_1_161' title='bbox 926 2021 1007 2047; x_wconf 79' lang='lat' dir='ltr'><strong>Uusis</strong></span> <span class='ocrx_word' id='word_1_162' title='bbox 1026 2021 1052 2047; x_wconf 89' lang='lat' dir='ltr'><em>B</em></span> <span class='ocrx_word' id='word_1_163' title='bbox 1121 2022 1230 2054; x_wconf 76' lang='lat' dir='ltr'><strong>copiam</strong></span> <span class='ocrx_word' id='word_1_164' title='bbox 1251 2020 1302 2048; x_wconf 82' lang='lat' dir='ltr'><strong>BC</strong></span> <span class='ocrx_word' id='word_1_165' title='bbox 1366 2021 1411 2047; x_wconf 80' lang='lat' dir='ltr'><strong>‹le-</strong></span> 
     </span>
     <span class='ocr_line' id='line_1_35' title="bbox 291 2063 1410 2098; baseline -0.001 -8"><span class='ocrx_word' id='word_1_166' title='bbox 291 2065 411 2091; x_wconf 73' lang='lat' dir='ltr'><strong>uorteriu</strong></span> <span class='ocrx_word' id='word_1_167' title='bbox 497 2066 547 2090; x_wconf 84' lang='grc'><strong>949</strong></span> <span class='ocrx_word' id='word_1_168' title='bbox 567 2065 603 2090; x_wconf 88' lang='lat' dir='ltr'><strong>ibi</strong></span> <span class='ocrx_word' id='word_1_169' title='bbox 623 2065 720 2090; x_wconf 78' lang='lat' dir='ltr'><strong>melius</strong></span> <span class='ocrx_word' id='word_1_170' title='bbox 739 2065 868 2098; x_wconf 74' lang='lat' dir='ltr'><strong>cuiquam</strong></span> <span class='ocrx_word' id='word_1_171' title='bbox 887 2063 939 2090; x_wconf 85' lang='lat' dir='ltr'><strong>BG</strong></span> <span class='ocrx_word' id='word_1_172' title='bbox 1024 2064 1132 2090; x_wconf 75' lang='lat' dir='ltr'><strong>Liberi·</strong></span> <span class='ocrx_word' id='word_1_173' title='bbox 1152 2063 1174 2089; x_wconf 90' lang='lat' dir='ltr'><strong><em>C</em></strong></span> <span class='ocrx_word' id='word_1_174' title='bbox 1258 2063 1328 2096; x_wconf 79' lang='lat' dir='ltr'><strong>Quid</strong></span> <span class='ocrx_word' id='word_1_175' title='bbox 1347 2064 1410 2089; x_wconf 73' lang='lat' dir='ltr'><strong>est?</strong></span> 
     </span>
     <span class='ocr_line' id='line_1_36' title="bbox 290 2105 1090 2140; baseline -0.001 -7"><span class='ocrx_word' id='word_1_176' title='bbox 290 2108 340 2133; x_wconf 83' lang='lat'><strong>950</strong></span> <span class='ocrx_word' id='word_1_177' title='bbox 359 2107 463 2133; x_wconf 77' lang='lat' dir='ltr'><strong>abulias</strong></span> <span class='ocrx_word' id='word_1_178' title='bbox 482 2107 565 2133; x_wconf 78' lang='lat' dir='ltr'><strong>soedis</strong></span> <span class='ocrx_word' id='word_1_179' title='bbox 585 2107 617 2140; x_wconf 86' lang='lat' dir='ltr'><strong>B,</strong></span> <span class='ocrx_word' id='word_1_180' title='bbox 637 2107 671 2133; x_wconf 82' lang='lat' dir='ltr'><strong>ab</strong></span> <span class='ocrx_word' id='word_1_181' title='bbox 689 2107 743 2133; x_wconf 75' lang='lat' dir='ltr'><strong>alia</strong></span> <span class='ocrx_word' id='word_1_182' title='bbox 762 2106 835 2133; x_wconf 74' lang='lat' dir='ltr'><strong>sedis</strong></span> <span class='ocrx_word' id='word_1_183' title='bbox 856 2105 878 2133; x_wconf 86' lang='lat' dir='ltr'><strong><em>C</em></strong></span> <span class='ocrx_word' id='word_1_184' title='bbox 945 2106 1090 2133; x_wconf 78' lang='lat' dir='ltr'><strong>neueneris</strong></span> 
     </span>
    </p>
   </div>
   <div class='ocr_carea' id='block_1_15' title="bbox 1514 0 1596 2478">
    <p class='ocr_par' dir='ltr' id='par_1_15' title="bbox 1514 0 1596 2478">
     <span class='ocr_line' id='line_1_37' title="bbox 1514 0 1596 2478; baseline 0 0"><span class='ocrx_word' id='word_1_185' title='bbox 1514 0 1596 2478; x_wconf 95' lang='lat' dir='ltr'><strong> </strong></span> 
     </span>
    </p>
   </div>
  </div>
 </body>
</html>
