1596 2478
307 168 347 196 22
821 166 911 191 Plauti
1230 166 1264 198 11.
1283 168 1309 198 2,
1327 167 1430 193 24—39

770 259 964 300 Epidicus

576 314 660 349 Quia
684 323 742 351 ego
767 315 813 344 ire
840 314 906 344 uidi
932 313 1053 345 milites
1079 314 1181 354 plenis
1205 315 1275 346 uiis.

309 368 407 397 Arma
430 367 575 397 referunt
599 370 631 397 et
655 367 800 398 iumenta
823 367 954 398 ducunt.

741 426 993 467 Periphanes

999 480 1100 512 Nimis
1124 481 1245 512 sactum
1270 480 1359 512 bene.
1380 490 1431 514 210

796 539 994 580 Epidicus

308 593 389 623 'l'um
415 593 622 633 captiuorum
647 593 726 633 quid
750 593 875 624 ducunt
898 593 1024 624 secum!
1050 604 1178 634 pueros,
1203 594 1356 633 uirgines,

311 647 420 683 Biuos,
446 650 555 677 ternos
579 657 662 677 uuus
686 647 839 687 quisque3
866 648 900 678 fit
923 657 1099 678 concursus
1123 659 1181 688 per
1204 648 1290 685 uias;

312 701 408 732 Filios
433 711 508 732 suos
533 700 673 741 quisque
699 700 817 731 uisuut.

746 759 993 800 Periphanes

867 814 983 845 Hercle
1007 825 1075 845 rem
1099 818 1224 854 gestam
1249 815 1345 846 bene!

776 873 971 914 Epidicus

309 929 389 959 Tum
410 927 615 958 meretricum
636 937 790 958 numerus
810 930 928 965 tantus,
943 932 1101 968 quantum
1120 928 1151 958 in
1171 928 1250 959 urbe
1263 929 1348 959 omui
1362 928 1432 963 suit.

309 982 449 1013 Obuiam
469 985 604 1012 ornatae
619 980 836 1012 occurrebant
850 982 918 1012 suis
932 991 1081 1022 quaeque
1096 980 1139 1012 ibi
1150 981 1363 1013 amatoribus.
1382 990 1432 1015 215

310 1036 374 1067 Eos
399 1035 589 1075 captabant.
636 1035 672 1065 ld
696 1034 779 1066 adeo
803 1035 858 1075 qui
880 1046 1028 1066 maxume
1047 1036 1191 1066 animum
1210 1036 1432 1067 adum-terim?

310 1090 489 1129 Pleraeque
513 1099 572 1120 eae
595 1088 656 1119 sub
681 1089 887 1120 uestimentis
912 1100 1022 1120 secum
1046 1089 1213 1121 habebant
1237 1090 1328 1121 retia.

310 1146 413 1182 Quom
427 1143 468 1174 ad
483 1145 610 1183 portam
623 1143 835 1182 ue11i0,atque
849 1153 907 1181 ego
921 1143 1010 1174 illam
1025 1143 1071 1174 illi
1085 1143 1180 1174 uideo
1191 1143 1431 1184 praestolarier,

311 1198 351 1228 Et.
375 1208 448 1228 eum
472 1207 511 1228 ea
535 1196 689 1228 tibicinae
713 1196 806 1228 ibant
830 1200 997 1237 quattuor.

741 1256 995 1296 Periphanes

1048 1311 1195 1348 Quicum,
1221 1310 1377 1351 Epidice‘?

774 1369 972 1410 Epidicus

309 1424 389 1455 Cum
404 1424 471 1461 illa,
490 1434 587 1464 quam
602 1427 676 1455 tuus
689 1427 808 1463 gnatus
821 1435 924 1456 annos
939 1424 1056 1455 multos
1069 1423 1210 1461 deamat,
1228 1424 1364 1464 deperit,
1384 1433 1435 1458 220

311 1478 371 1509 Ubi
397 1478 558 1518 fidemque
583 1488 714 1517 remque
739 1489 838 1518 seque
863 1482 961 1518 teque
988 1481 1141 1518 properat
1165 1477 1310 1518 perdere.

309 1532 357 1563 Ea
381 1531 648 1572 praestolabatur
672 1532 761 1562 illum
786 1531 873 1572 apud
899 1536 1035 1572 portam.

740 1591 1001 1632 Periphanes

1079 1647 1183 1679 Uiden
1208 1648 1386 1679 ueneficam
1397 1649 1412 1678 ¹?

776 1701 974 1742 Epidicus

307 1756 369 1788 scd
389 1758 521 1794 uestita,
541 1760 669 1794 aurata,
689 1759 806 1788 ornatu
825 1759 860 1787 ut
879 1755 1001 1796 lepide!
1027 1759 1063 1786 ut
1083 1754 1253 1786 concinne!
1279 1758 1314 1786 ut
1333 1756 1431 1787 noue!

741 1817 995 1858 Periphanes

308 1873 392 1911 Quid
419 1876 489 1904 erat
514 1873 652 1904 induta?
677 1883 718 1904 au
744 1872 892 1912 regillam
916 1871 1102 1903 induculam
1127 1882 1168 1903 an
1193 1871 1433 1903 mendiculam'?

377 1976 427 2000 212
447 1975 518 2000 alius
539 1975 654 2008 quisquo
717 1976 767 2000 215
787 1974 951 2000 occurrebat
1018 1973 1055 1999 ibi
1075 1981 1126 2000 οηι.
1191 1974 1311 1999 215-17
1329 1973 1433 1999 duobus

308 2018 428 2044 versibus
447 2017 473 2043 B
533 2019 583 2043 216
602 2017 855 2043 animnduorterint
874 2016 900 2042 Β
954 2018 1004 2042 218
1023 2019 1132 2049 portum
1152 2016 1179 2042 B
1237 2017 1288 2042 220
1305 2025 1388 2049 quom
1408 2017 1434 2042 B

307 2060 456 2085 dvamabat
475 2060 500 2085 B
608 2061 654 2085 221
676 2059 758 2085 fidem
779 2068 908 2092 quum-em
929 2068 998 2091 quac
1018 2059 1043 2084 A
1168 2059 1218 2084 222
1237 2057 1386 2085 beneficam
1406 2058 1432 2084 A

306 2104 356 2128 223
375 2105 539 2128 ornamenta
562 2102 588 2128 B
