1596 2478
288 166 348 196 382
758 164 929 192 Menaechmi.

287 272 349 291 enni
374 272 498 291 exorare
519 265 650 295 conatur,
676 266 706 291 ut
727 262 782 290 sibi
802 263 888 300 psllae
907 264 1032 299 gratiam
1053 263 1150 292 faciat.
1197 264 1249 292 Illa
1268 274 1349 298 vero,
1368 267 1403 293 ut

286 323 350 352 quae
374 313 483 351 pallam
504 323 596 351 nuper
613 323 644 341 se
663 315 689 342 ei
707 313 865 342 tradidisse
888 317 1013 349 censeat,
1037 315 1168 351 graviter
1191 316 1266 343 irata
1290 317 1350 344 suis
1374 318 1404 344 et

286 365 349 402 ipsa
373 365 484 393 aedibus
508 374 572 393 eum
597 364 748 402 prohibet,
779 367 811 393 ut
834 365 891 393 iam
915 367 1053 404 utrinque
1077 366 1211 394 exclusus
1235 365 1271 394 ad
1295 367 1402 395 amicos

287 416 367 444 ubire
402 418 533 452 cogatur.
590 415 654 450 Quo
683 416 762 444 sacto
791 416 987 445 Menaechmus
1016 417 1043 445 11
1072 417 1179 454 pullum
1209 418 1296 445 etiam
1326 427 1402 445 nunc

288 467 420 495 manibus
451 467 546 495 ferens
576 470 716 495 matrouae
745 469 882 496 occurrit.
941 468 1009 496 llaec
1038 469 1132 496 virum
1164 478 1247 496 suum
1279 468 1401 496 credens

286 519 474 546 vehementer
499 518 526 545 in
551 528 614 546 eum
641 518 806 553 invehitur,
838 519 949 556 illoque
972 530 1002 546 se
1026 529 1088 547 eam
1113 529 1269 557 numquam
1295 519 1402 547 vidisse

285 569 450 598 affirmante
468 572 581 607 putrem
602 579 685 597 suum
704 570 834 604 arcessit,
855 571 904 607 qui
923 580 988 598 eum
1003 569 1225 604 (Msnaechinum
1240 569 1289 607 11),
1313 579 1402 608 quum

285 631 320 649 ne
338 631 368 648 se
388 620 504 658 quidem
524 623 670 658 agnoscat,
695 630 750 658 pro
769 622 872 649 insano
891 621 1000 649 habens
1018 621 1132 650 medico
1150 621 1269 649 tradere
1287 622 1401 650 statuit.

285 672 348 707 Qua
378 672 413 700 de
443 681 530 700 cuusn
559 670 627 699 dum
657 681 757 700 servos
787 673 921 708 arcessit,
964 672 1160 701 Meuaecbmus
1189 670 1243 708 (11)
1273 672 1341 708 fuga
1372 681 1402 700 se

285 723 381 761 eripit.
438 721 495 750 Sed
531 722 672 750 redeunte
707 733 770 751 cum.
805 725 898 752 servis
932 734 999 751 sene
1028 723 1120 752 frater
1141 723 1353 759 (Menaechmus
1375 720 1402 760 Ι)

284 774 412 803 advenit.
464 773 493 802 Is
516 774 573 801 iam
596 784 651 812 pro
675 775 777 803 insano
801 775 941 813 abreptus
965 778 1050 810 esset,
1075 775 1132 803 nisi
1155 773 1302 803 Messenio
1325 774 1402 803 forte

285 826 462 855 occurrisset
490 826 590 862 eique,
625 834 709 862 quem
745 835 828 853 suum
858 826 960 854 herum
988 835 1051 854 esse
1079 825 1282 861 existimabat,
1316 834 1400 863 opem

283 877 410 905 tulisset.
468 876 526 905 Pro
555 885 614 913 quo
643 875 785 905 beneficio
819 886 908 914 quum
938 877 1107 906 libertatem
1137 877 1192 906 sibi
1222 878 1349 915 expetit,
1385 886 1403 905 a

284 928 359 957 falso
384 927 499 956 domino
522 937 580 956 non
604 927 764 956 difficulter
786 928 938 966 impetrat,
968 928 1019 956 sed
1049 938 1115 957 mox
1144 938 1230 957 verus
1261 928 1348 956 herus
1370 937 1402 956 se

284 989 348 1008 eum
373 989 459 1008 manu
482 979 597 1007 misisse
620 979 775 1017 praefracte
799 982 898 1015 negat.
954 979 1085 1008 Tandem
1109 982 1234 1017 uterque
1258 979 1350 1008 frater
1373 979 1402 1007 in

284 1030 408 1059 eundem
432 1030 527 1059 locum
552 1031 702 1063 convenit,
731 1033 856 1067 totaque
884 1040 915 1058 re
939 1031 1089 1068 patefacta
1113 1040 1212 1059 omnes
1235 1030 1331 1059 turbae
1354 1040 1401 1058 ex-

284 1082 439 1120 plicantur.
496 1081 692 1110 Menaechmus
720 1081 733 1110 I
762 1091 826 1110 cum
860 1081 954 1110 fratre
984 1081 1143 1119 Syracusas
1177 1083 1339 1110 revertitur
1373 1084 1403 1110 et

284 1133 431 1162 Messenio
454 1133 593 1161 libertate
616 1133 751 1161 donatur.

369 1184 593 1222 Lepidissimam
618 1186 648 1212 ot
671 1183 880 1222 perridiculam
905 1184 1034 1212 fabulam
1058 1194 1092 1212 ex
1116 1194 1174 1222 quo
1193 1184 1294 1213 Groeco
1314 1187 1402 1223 poeta

283 1237 407 1265 Plautus
431 1236 629 1273 expresserit,
659 1236 823 1273 ignoratur.
880 1235 935 1270 Qui
959 1246 994 1264 ex
1017 1235 1133 1274 prologi
1157 1245 1184 1264 v.
1212 1236 1249 1264 12
1272 1236 1308 1265 de
1331 1235 1401 1274 Epi-

283 1288 403 1316 chnrmo
437 1290 556 1315 auctore
585 1287 767 1323 cogitarunt,
802 1287 863 1315 sine
892 1287 981 1316 dubio
1011 1290 1164 1323 errarunt;
1199 1288 1276 1316 inter
1304 1297 1401 1316 recen·

283 1340 375 1367 tiores
398 1337 505 1366 Atticae
528 1337 676 1366 eomoediae
699 1339 859 1376 scriptores
877 1342 981 1367 auctor
1000 1339 1176 1376 quaerendus
1193 1340 1247 1366 est.
1288 1337 1400 1366 Horum

284 1393 382 1418 autem
406 1399 465 1418 non
488 1389 574 1426 pauci
598 1390 700 1418 turbas
724 1399 758 1418 ex
781 1389 975 1418 similitudine
1004 1391 1195 1427 gemellorum
1219 1393 1300 1418 ortas
1321 1392 1399 1418 trac-

283 1444 361 1470 tasse
384 1440 529 1469 videntur.
575 1440 686 1469 Praeter
701 1441 861 1470 Bacchides
879 1443 939 1470 sive
958 1441 1005 1473 Δὶς
1023 1443 1162 1474 ἐξαπατῶν
1178 1442 1264 1469 etiam
1284 1441 1401 1477 Λὶὄυμαι

284 1491 439 1522 Menandri
462 1491 630 1527 laudantur,
655 1492 784 1529 Λίλητρῖς
806 1493 821 1527 ἢ
845 1492 959 1529 ΔΙόυμαι
978 1492 1164 1531 Antiphanis‚
1188 1492 1400 1529 AiovpoiAuti-

282 1544 398 1582 phanis,
421 1543 562 1578 Alexidis,
587 1543 813 1578 Anaxsndridis,
837 1543 992 1580 Xenarchi,
1011 1544 1241 1582 Aristophontis,
1261 1543 1399 1581 Euphro-

283 1596 337 1630 nis,
368 1604 462 1632 ueque
485 1594 646 1632 quidquam
671 1594 785 1633 obstat,
815 1605 873 1633 quo
897 1596 992 1624 minus
1016 1596 1104 1623 otiam
1129 1595 1255 1624 aliorum
1278 1595 1397 1624 fuerint.

283 1646 469 1681 Lndewigius
487 1647 516 1673 iu
530 1645 673 1683 Philolog.
687 1646 700 1674 1
719 1657 747 1685 p.
763 1647 822 1675 288
843 1650 871 1675 et
884 1647 1002 1675 Brixius
1020 1649 1047 1674 et
1060 1646 1226 1683 Wugnerus
1244 1645 1399 1684 Posidippi

282 1697 410 1726 fabulam
423 1697 512 1725 fuisse
525 1698 720 1735 suspicantur,
740 1700 889 1735 quoniam,
909 1707 998 1735 quum
1016 1698 1045 1726 in
1064 1697 1171 1725 ceteris
1184 1698 1271 1735 coqui
1284 1697 1320 1726 de
1333 1698 1399 1726 foro

282 1749 492 1783 conducuntur,
518 1748 563 1776 hic
581 1745 740 1785 Cylindrus
759 1758 870 1787 coquus
889 1749 985 1777 Erotii
1009 1749 1087 1786 apud
1111 1749 1202 1786 ipsam
1226 1749 1399 1777 servitutem

282 1801 407 1834 serviat,
442 1799 599 1828 Athenaeus
627 1803 724 1828 autem
754 1800 831 1838 apud
861 1810 951 1828 unum
975 1800 1166 1838 Posidippum
1196 1799 1250 1828 hoc
1273 1800 1398 1828 inveniri

282 1851 417 1887 affirmet,
441 1861 466 1879 v.
492 1854 592 1880 annot.
618 1851 654 1879 ad
678 1851 775 1879 Aulul.
796 1851 856 1879 272
875 1860 902 1888 p.
923 1852 990 1880 300.
1037 1850 1090 1879 Cui
1115 1851 1286 1880 testimonio
1309 1860 1398 1888 quum

281 1905 396 1931 tantum
425 1902 516 1931 tribui
546 1912 603 1930 non
631 1903 741 1940 possit,
775 1905 808 1930 ut
836 1902 909 1930 illud
939 1902 1006 1930 iude
1035 1902 1110 1930 effici
1139 1902 1302 1938 credamus,
1335 1905 1396 1931 tum

282 1954 354 1982 nihil
385 1953 502 1983 obstare
533 1963 586 1982 nec
615 1955 676 1982 veri
712 1953 836 1981 similius
866 1953 1027 1990 quidquam
1058 1953 1178 1982 allatum
1211 1963 1273 1982 esse
1297 1963 1397 1982 conce-

282 2005 408 2034 dendum
443 2008 494 2033 est.
555 2005 746 2043 Posidippum
781 2003 900 2042 quidem
935 2004 1012 2042 apud
1047 2004 1193 2033 Romanos
1227 2005 1257 2033 in
1292 2014 1397 2042 magno

280 2056 393 2085 honore
417 2056 506 2084 fuisse
530 2061 556 2085 et
581 2055 724 2084 Vaticana
747 2058 845 2084 statua
869 2052 994 2092 (Clarae,
1019 2055 1120 2084 Musss
1137 2055 1174 2084 de
1192 2055 1350 2094 Sculpture
1362 2055 1396 2092 V,

281 2107 321 2146 pl.
347 2106 403 2136 841
429 2117 457 2136 n.
483 2104 579 2144 2120)
614 2109 742 2136 testatur
769 2109 799 2135 et
828 2106 943 2136 Gellius
972 2106 1014 2142 11,
1046 2107 1100 2144 23,
1134 2107 1165 2135 l:
1203 2106 1397 2143 „Comoedias
