1596 2478
603 181 634 207 V.
656 182 799 208 263—326.
1206 182 1263 210 141

137 284 194 314 est,
220 291 246 308 v.
271 279 308 308 ad
333 279 418 316 Capt.
445 279 516 307 942.
574 279 671 307 Herus
701 279 726 306 ei
756 278 923 306 libertatem
946 277 1143 315 promiserat,
1178 275 1266 304 modo

137 335 171 360 ut
193 331 266 359 dicis
291 340 380 358 causa
404 331 543 365 exiguum
568 328 688 367 aliquod
712 330 842 366 pretium
866 329 1006 358 solveret.

223 382 294 410 296.
320 380 424 409 Prodit
444 380 622 417 Lysidamus
643 380 679 408 ud
699 380 888 417 colloquium.
902 393 944 398 —
963 380 1034 407 297.
1057 386 1128 416 qua,
1147 378 1268 406 auditur

139 431 254 467 ,‚cum“,
279 432 314 460 cf.
330 432 366 459 ad
380 433 462 460 Asin.
477 432 549 460 427.
564 446 604 450 —
619 437 758 460 uxorene
781 430 851 458 olim
875 440 928 458 em.
965 430 1098 458 Auditur
1113 430 1267 465 „narras“,

138 484 216 522 quod
246 484 371 522 ponitur
399 482 518 511 Trucul.
546 484 621 517 281,
657 482 693 510 cf.
719 481 778 510 Cic.
802 481 879 509 Phil.
905 481 926 515 I⁷
960 482 1007 515 10,
1039 482 1088 509 25.
1119 495 1160 500 --
1197 481 1268 509 299.

137 535 204 563 Non
228 544 350 563 uxorem
377 544 440 562 eam
465 544 528 562 esse
553 534 603 570 ait.
629 534 681 561 sed
705 542 817 568 canem,
841 542 906 569 quae
931 532 1047 560 assidue
1067 532 1166 567 latret,
1189 531 1269 560 wad

138 586 202 614 Mil.
229 587 300 614 682.
325 600 366 604 -—
392 586 461 613 300.
487 582 552 622 assit
578 585 610 620 B,
634 584 695 613 scil.
720 587 829 618 tecum,
854 584 911 611 nisi
935 583 1075 620 praeferas
1100 586 1268 612 ceterorum

139 637 273 666 codicum
297 637 477 674 scripturam
504 635 596 671 „ait“.
642 637 720 664 Ante
748 632 827 664 Orat
848 634 956 662 hiatus.
992 649 1034 652 —
1069 635 1140 662 302.
1175 632 1268 670 enim²

139 689 173 717 cf.
200 689 271 717 260.
295 703 338 707 —
363 689 433 717 303.
457 695 579 716 mecum
603 685 712 722 oraret,
738 697 764 715 v.
791 685 829 713 ad
852 686 934 714 Asin.
961 686 1032 713 655.
1056 700 1097 704 —
1122 686 1192 714 304.
1221 685 1270 714 Ira

138 740 252 768 fervere
277 742 306 767 et
329 742 443 767 tumere
467 749 531 767 eam
557 739 640 767 dicit.
687 737 789 765 anb.
815 736 945 765 contulit
967 736 1002 764 Il.
1020 735 1072 771 IX,
1099 737 1177 764 646:
1202 737 1270 764 ἀλλὰ

137 803 183 828 μοι
207 790 339 819 οἰδάνεται
364 791 459 827 κραδίη
482 791 564 826 χόλῳ,
589 789 670 827 quod
693 790 735 817 sic
758 789 977 825 interpretatur
995 787 1098 815 Cicero
1116 787 1201 815 Tusc.
1216 787 1269 823 111,

141 844 168 878 9,
195 844 247 871 18:
277 841 410 879 „Corque
434 852 531 870 meum
555 842 676 878 penitus
700 840 845 876 turgescit
867 838 1004 866 tristibus
1022 836 1105 866 i1·is“.
1151 837 1186 867 in
1203 835 1268 873 fer-

138 892 257 928 mento,
282 893 318 921 cf.
344 892 379 920 ad
404 892 495 921 Merc.
522 893 592 921 947.
640 890 746 927 tumet,
771 893 804 918 ut
827 890 917 918 Most.
944 890 1015 926 686,
1040 890 1075 917 cf.
1095 890 1174 918 infra
1198 891 1269 919 561.

139 945 245 974 Bacch.
272 945 351 973 601:
390 943 551 978 „Sufflatus
576 944 625 971 ille
650 943 707 970 huc
730 940 861 975 ueniet“,
889 941 941 968 ubi
970 942 1042 968 item
1072 944 1105 968 ut
1128 941 1156 969 h.
1181 942 1200 969 1.
1225 951 1270 969 re-

139 996 316 1034 spondetur:
356 995 536 1033 „Diruptum
559 993 682 1023 uelim“.
713 1008 755 1012 —
787 994 857 1021 305.
891 991 1027 1029 „Edepol
1058 1002 1094 1019 ne
1119 991 1190 1027 ego“
1217 1002 1270 1029 po-

139 1048 231 1076 stulat
260 1046 405 1075 Fleckeis.
435 1046 542 1074 Philol.
567 1046 595 1073 ΙΙ
625 1056 653 1083 p.
679 1046 728 1073 80.
763 1059 804 1064 —-
835 1045 904 1072 306.
936 1050 1015 1077 esse,
1045 1052 1084 1070 sc.
1109 1043 1272 1080 diruptum,

140 1100 277 1128 obscene.
298 1113 335 1117 —
363 1099 434 1126 310.
459 1094 617 1134 Iuppiter,
642 1098 684 1125 ita
708 1106 748 1131 se,
774 1096 924 1124 dominum
949 1098 979 1122 et
1002 1097 1119 1132 patrem
1142 1095 1270 1129 familiae,

139 1150 323 1178 iocabundus
347 1149 489 1187 appellat,
514 1150 551 1177 cf.
567 1149 636 1176 212.
653 1149 724 1176 385.
760 1147 851 1175 Mero.
867 1147 936 1175 682.
973 1146 1102 1174 Uxorem
1127 1149 1156 1174 et
1178 1145 1272 1174 filium

140 1203 269 1230 minores
284 1201 353 1229 deos
368 1200 449 1235 dicit,
468 1202 561 1237 atque
574 1200 647 1228 adeo
660 1197 810 1233 minutos,
832 1199 867 1226 cf.
882 1198 952 1226 Cist.
969 1198 1039 1226 347.
1054 1212 1093 1218 -—
1109 1198 1179 1226 312.
1193 1198 1272 1226 Ante

142 1250 236 1290 quasi
269 1252 391 1281 auditur
430 1250 610 1289 „loqueris“‚
653 1251 688 1279 cf.
720 1250 756 1278 ad
784 1249 875 1277 Merc-
901 1250 972 1277 945.
1010 1263 1048 1267 —
1091 1249 1150 1277 313
1187 1248 1275 1277 affert

140 1305 283 1333 Priscian.
308 1303 349 1331 VI
372 1313 401 1341 p.
427 1304 499 1332 695.
528 1317 564 1322 —
606 1303 666 1330 314
695 1302 799 1330 multis
827 1301 909 1328 vitiis
938 1299 1063 1327 laborat.
1120 1299 1178 1327 Pro
1209 1297 1275 1329 Sed

139 1355 293 1384 Acidalius
331 1354 419 1390 ‚,Et··',
460 1353 548 1382 Both.
578 1352 661 1388 „Sic“
700 1352 874 1387 uoluerunt,
911 1361 965 1389 pro
1003 1349 1164 1379 emortuus
1187 1351 1272 1379 Acid.

143 1405 333 1443 ‚,mortuus“;
380 1405 432 1434 sed
470 1407 566 1433 restat
610 1402 734 1433 tandem
770 1407 800 1432 el:
835 1403 866 1434 si
904 1403 951 1433 Sis
984 1414 1040 1442 pro
1078 1404 1147 1437 „ubi
1182 1400 1273 1430 eris“.

141 1459 215 1487 Mihi
239 1461 320 1486 totus
344 1467 448 1485 versus
473 1457 593 1494 spurius
617 1456 745 1484 videtur.
771 1471 810 1474 —
842 1457 912 1485 316.
946 1452 1108 1484 subueniet
1136 1454 1202 1482 edd.
1231 1468 1275 1472 —

144 1511 214 1538 317.
254 1506 407 1545 Opinione
435 1505 548 1536 ‘melius
581 1507 660 1536 Cam.
691 1517 761 1542 em.,
797 1505 888 1536 habet
915 1507 1020 1541 Both.;
1056 1506 1150 1543 Gepp.
1176 1505 1274 1533 deleto

145 1561 236 1596 ‚‚tibi“
269 1561 405 1597 scripsit:
444 1559 568 1594 „habeat
592 1581 619 1587 ..
635 1581 661 1587 ..
683 1558 906 1596 impetreinus“.
951 1557 1029 1586 Illud
1053 1559 1118 1586 iure
1140 1557 1276 1594 praetulit

144 1612 280 1640 Mueller.
306 1611 427 1640 Nachtr.
452 1621 480 1647 p.
511 1611 579 1638 121.
605 1626 644 1630 —
674 1611 744 1639 319.
763 1618 868 1646 posse,
891 1620 919 1638 v.
945 1609 981 1637 ad
1004 1609 1111 1646 Amph.
1140 1609 1208 1636 169.
1234 1622 1274 1626 —

145 1664 214 1692 323.
244 1669 403 1691 nccesswn
435 1662 490 1690 est.
546 1661 639 1698 Gepp.
667 1661 870 1696 „necessust'·‘,
899 1671 926 1690 v.
952 1660 989 1689 ad
1013 1660 1077 1688 Mil.
1111 1660 1201 1688 1112.
1233 1674 1274 1678 —

142 1712 248 1744 uersis
269 1711 400 1752 gladiis,
431 1715 546 1741 mutata
575 1712 729 1750 pugnandi
753 1713 877 1741 ratione.
907 1727 949 1731 —
979 1713 1050 1740 325.
1084 1707 1175 1739 Bene
1198 1703 1297 1746 dice,⁴

143 1765 262 1802 εὐφήμει,
287 1775 313 1793 v.
340 1765 378 1793 ad
397 1765 477 1792 Asin.
502 1764 572 1792 738.
592 1779 633 1784 —
651 1761 848 1800 sperabimus
872 1765 942 1792 olim
967 1763 1166 1791 emendatum.
1202 1760 1275 1791 deos

145 1824 203 1854 sp„
238 1828 265 1845 v.
291 1816 329 1844 ad
357 1816 421 1844 Mil.
450 1816 541 1844 1201.
602 1815 689 1852 Verg.
720 1816 788 1844 AEn.
813 1816 841 1850 Ι,
873 1816 948 1850 543,
983 1815 1021 1842 ad
1055 1823 1144 1851 quem
1178 1814 1274 1841 locum

142 1867 262 1897 Servius
286 1868 363 1895 hunc
387 1877 505 1895 versum
530 1866 625 1894 affert.
651 1881 692 1885 —
722 1867 792 1895 326.
823 1867 866 1895 Ne
890 1868 1010 1895 minimo
1035 1866 1152 1903 quidem
1177 1866 1275 1902 pretio

143 1929 174 1948 se
186 1919 279 1947 talem
297 1928 383 1956 opem
405 1922 574 1956 empturum
598 1928 660 1946 esse
675 1918 756 1946 dicit.
791 1917 969 1946 Emendavit
981 1917 1132 1945 Acidalius
1146 1926 1182 1944 ex
1194 1915 1274 1944 Fest.

143 1969 224 2008 Epit.
248 1980 278 2008 p.
299 1971 375 1999 366:
410 1966 647 2005 „Titii-initium
670 1969 781 1997 nullius
804 1968 1031 2004 significationis
1055 1971 1107 2002 est,
1137 1970 1172 1996 ut
1195 1968 1275 2004 apud

144 2021 261 2050 Graecos
285 2022 386 2058 βλίτυρι
416 2024 445 2049 et
475 2021 632 2058 σκινδαψός.
697 2020 835 2049 Plautus:
871 2020 938 2048 Non
968 2029 1022 2056 ego
1052 2020 1127 2047 istuc
1151 2019 1274 2046 verbum

145 2073 238 2110 empsi
267 2083 332 2101 cum
361 2070 551 2107 titivilliti0“‚
581 2075 610 2100 et
640 2071 778 2109 Fulgeut.
808 2081 837 2109 p.
865 2072 938 2099 562:
977 2070 1188 2106 „Titivilitium
1217 2070 1275 2098 dici

144 2124 303 2153 voluerunt
336 2124 387 2152 fila
421 2123 558 2161 putrida,
596 2132 661 2160 quae
692 2123 727 2150 de
755 2123 824 2151 telis
858 2122 985 2156 cadunt,
1022 2124 1056 2150 ut
1086 2121 1211 2149 Plautus
1245 2121 1275 2148 iu
