1596 2478
132 178 166 209 11,
185 179 208 211 2,
227 179 318 209 78-3,
339 179 370 203 16
599 177 778 204 Menaechmi.
1186 181 1242 209 183

545 271 577 302 Μ
585 283 601 303 e
610 283 629 303 n
637 282 656 303 a
663 282 679 303 e
687 282 704 303 c
712 272 732 303 h
741 283 770 303 m
781 283 800 303 u
809 283 824 303 s

128 325 212 356 Tace
236 325 310 356 dum
337 335 523 365 parumper;
548 336 621 357 nam
645 326 835 366 concrepuit
860 326 986 358 ostium.

130 378 314 417 Uideamus,
338 379 393 419 qui
417 378 492 410 hinc
515 379 687 419 egreditur.

588 455 788 487 Messenio

729 509 797 542 Hoc
821 521 939 550 ponam
962 511 1099 542 interim.
1191 519 1241 545 345

127 564 343 596 Adscruatote
367 564 448 595 haec
473 563 576 598 sultis,
599 564 734 595 nauales
759 564 866 605 pedes.

227 820 427 853 EROTIUM.
474 820 769 853 MENAECHMUS
797 820 873 860 (II).
920 821 1141 853 MESSENIO.

589 931 770 964 Erotium

276 986 350 1018 Sine
374 985 451 1018 foris
476 987 536 1025 sic;
560 986 627 1025 abi;
652 986 728 1018 nolo
752 987 882 1027 operiri.

274 1041 367 1072 Intus
390 1051 478 1081 para,
503 1051 594 1079 cura;
618 1040 703 1077 uide,
727 1041 814 1080 quod
838 1045 944 1081 opust,
967 1040 1033 1073 fiat.

275 1095 419 1126 Sternite
443 1095 557 1131 lectos,
581 1094 743 1126 incendite
767 1095 899 1134 odores3

273 1149 438 1181 Munditie.
460 1149 626 1180 inlecebra
650 1149 790 1180 animost
814 1150 1003 1181 amantium.
1189 1159 1239 1184 350

274 1204 404 1235 Amanti
428 1204 608 1235 amoenitas
633 1203 760 1241 malost,
784 1203 878 1235 nobis
903 1204 1033 1235 lucrost.

121 1258 184 1290 Sed
208 1258 263 1290 ubi
286 1258 340 1289 ille
365 1261 423 1295 est,
448 1268 544 1298 quem
569 1267 689 1298 coquos
713 1261 789 1289 ante
813 1258 904 1289 aedis
928 1268 996 1290 esse
1021 1259 1090 1290 ait‘?
1133 1259 1237 1300 Atque

834 1322 944 1344 eccum
967 1313 1074 1352 uideo,

274 1367 335 1405 Qui
359 1366 437 1398 mihi
461 1370 513 1398 est
536 1368 607 1398 usui
632 1372 666 1398 et
688 1367 872 1407 plurumum
897 1367 1040 1407 prodest.

121 1422 202 1454 Item
223 1421 297 1453 hinc
314 1421 400 1453 ultro
413 1421 458 1459 fit,
478 1425 516 1452 ut
528 1424 638 1458 meret,
659 1421 854 1461 potissumus
872 1426 1004 1453 nostrae
1023 1422 1109 1453 domi
1129 1426 1166 1453 ut
1185 1423 1237 1453 sit.

273 1475 367 1506 Nunc
390 1486 462 1506 eum
486 1475 599 1513 adibo;
622 1475 782 1516 adloquar
806 1474 899 1507 ultro.
1183 1485 1233 1510 355

273 1529 423 1561 Animule
447 1530 500 1567 mi,
524 1529 601 1560 mihi
626 1530 708 1560 mira
731 1529 892 1566 uidentur,

273 1584 317 1615 Te
340 1584 393 1615 hic
415 1587 504 1615 stare
527 1584 615 1617 foris,
640 1584 724 1614 fores
749 1584 824 1623 quoi
850 1587 984 1624 pateant

272 1637 375 1678 Magis
400 1648 496 1678 quam
521 1638 635 1668 domus
660 1642 725 1674 tua,
750 1637 865 1668 domus
889 1649 985 1677 quom
1010 1638 1090 1669 haec
1109 1643 1165 1670 tua
1185 1640 1235 1670 sit.

273 1691 374 1723 Omne
399 1695 594 1733 paratumst,
617 1696 653 1723 ut
676 1693 798 1723 iussisti
822 1697 922 1732 atque
947 1697 983 1724 ut
1006 1692 1149 1731 uoluisti,

272 1746 384 1787 Neque
408 1747 503 1778 tibist
526 1747 594 1777 ulla
618 1757 709 1778 mora
731 1747 826 1777 intus.
1190 1756 1241 1782 360

188 1866 238 1891 344
255 1868 314 1892 tum
333 1865 361 1892 B
448 1867 498 1892 345
517 1866 640 1892 creditur
728 1867 777 1891 346
797 1867 818 1890 si
840 1866 922 1891 uoltis
1008 1867 1100 1900 pedes.
1120 1867 1238 1893 erotium

120 1908 299 1934 maenehmus
318 1909 457 1935 messenio
478 1908 500 1935 0
635 1908 802 1934 EROCIUM
821 1908 972 1935 MULIER.
1010 1909 1239 1936 MENECHMUS

120 1950 365 1977 ADOLESCENS.
403 1951 586 1978 MESSENIO
607 1951 728 1978 SENEx
749 1951 774 1977 Β
858 1953 907 1978 347
928 1953 971 1978 ubi
991 1952 1017 1977 Β
1095 1953 1145 1978 350
1164 1953 1237 1978 ince-

122 1993 232 2020 lebraC
283 1997 423 2020 amantum
437 1994 458 2020 C
509 1996 556 2020 351
578 1995 650 2020 malo
670 1995 691 2020 si
706 1994 741 2025 B,
761 1995 863 2020 mal-rsr
879 1995 901 2021 O
950 1996 1000 2020 352
1018 1996 1086 2021 aedis
1105 2004 1133 2022 se
1154 1996 1192 2021 ait
1211 2004 1239 2021 st»

121 2038 170 2063 353
189 2039 303 2070 propest
372 2038 421 2063 354
442 2040 505 2062 utro
525 2036 550 2062 B
622 2038 796 2070 potissimum
816 2037 842 2063 B
913 2038 962 2063 355
982 2038 1047 2063 uitri
1117 2039 1166 2064 356
1186 2039 1238 2064 mei

122 2080 172 2105 358
190 2079 301 2106 domust
321 2083 368 2105 tua
389 2079 411 2106 G
466 2088 547 2112 quam
610 2081 658 2106 359
677 2081 830 2113 parasitust
851 2084 880 2105 ut
899 2081 941 2106 ius
961 2080 1020 2106 sisti
1081 2082 1133 2107 360
1151 2090 1238 2114 neque

123 2122 171 2147 tibi
191 2123 356 2150 antecedenti
374 2130 463 2154 versu,
483 2126 537 2149 tum
549 2141 622 2149 .....
634 2132 677 2148 am
698 2132 745 2148 ora
766 2122 800 2155 B,
819 2123 868 2148 tibi
888 2123 985 2148 sullam
1005 2132 1066 2149 oras
1086 2123 1108 2149 C
