1596 2478
131 197 163 229 V,
184 199 207 230 2,
227 199 324 224 81—41
597 198 779 225 Menaechmi.
1183 202 1244 230 213

132 292 249 324 Uerum
273 293 382 324 uiuere
404 292 456 323 hic
480 303 544 324 uon
565 303 696 333 possum
716 304 819 334 neque
839 293 958 325 durare
977 293 1044 325 ullo
1061 293 1176 332 mod03
1195 302 1246 328 770

131 346 226 378 Proin
250 350 286 378 tu
310 357 359 378 me
383 346 458 378 hinc
480 346 636 378 abducas.

619 406 749 438 Senex

586 460 670 498 Quid
695 460 780 491 istuc
803 464 913 492 autem
937 464 1008 492 est'?

593 519 776 551 Matrona

946 563 1113 603 Ludibrio,
1137 568 1242 605 pater,

129 605 266 638 Habeor.

623 645 749 696 Senex

312 707 425 740 Unde?

592 767 776 799 Matrona

475 822 523 853 Ab
547 821 614 859 illo,
638 822 716 863 quoi
740 832 790 853 me
813 822 1020 861 mamlauisti,
1045 833 1115 854 ineo
1140 823 1221 854 uiro.

623 892 749 925 Senex

128 948 210 979 Ecce
234 951 340 979 nutem
365 948 512 987 litigium.
559 947 715 985 Quotiens
739 947 871 979 tandem
895 957 946 987 eyo
970 947 1054 979 edixi
1078 947 1148 986 tibi,

128 1001 172 1034 Ut
195 1012 335 1037 caneres,
361 1012 399 1033 ne
424 1005 496 1032 uter
519 1002 559 1033 ad
586 1012 635 1032 me
657 1002 752 1034 iretis
777 1011 850 1032 cum
874 1001 1100 1042 querimonia?

592 1061 780 1093 Matrona

128 1116 189 1153 Qui
213 1127 271 1156 ego
295 1117 391 1154 istuc,
415 1117 458 1147 mi
481 1119 584 1156 pater,
609 1125 725 1147 cauere
750 1115 906 1156 possum?

619 1175 747 1207 Senex

872 1229 946 1261 Men
970 1230 1175 1270 interrogas?
1194 1237 1244 1263 775

590 1288 776 1321 Matrona

126 1333 196 1365 Nisi
220 1344 283 1365 non
308 1333 368 1365 uis.

623 1391 748 1423 Senex

358 1446 516 1484 Quotiens
542 1447 720 1478 monstraui
744 1446 815 1483 tibi,
839 1446 909 1477 uiro
934 1450 970 1477 ut
992 1456 1114 1477 morem
1136 1455 1242 1486 geras,

126 1501 212 1540 Quid
229 1501 283 1533 ille
300 1501 410 1539 faciat,
434 1511 473 1532 ne
491 1500 524 1532 id
543 1500 706 1539 obserues,
731 1511 794 1542 quo
814 1504 877 1539 eat,
901 1500 979 1541 quid
996 1511 1106 1532 rerum
1123 1500 1241 1540 gerat?

590 1560 770 1592 Matrona

125 1616 167 1646 At
190 1616 276 1646 enim
300 1615 354 1647 ille
378 1615 453 1646 hinc
477 1619 565 1646 amat
588 1617 792 1646 mereti-leem
816 1625 855 1646 ex
879 1625 1044 1655 proxumo.

622 1674 747 1706 Senex

1031 1716 1115 1748 Sane
1139 1717 1242 1757 sapin

125 1773 231 1813 Atque
255 1772 296 1803 ob
320 1773 424 1803 istanc
447 1772 644 1803 industriam
669 1772 768 1803 etiam
792 1772 866 1803 faxo
890 1771 1013 1802 amabit
1036 1770 1183 1811 amplius.

591 1840 777 1871 Matrona

126 1884 232 1924 Atque
256 1883 301 1915 ibi
324 1887 426 1924 potat.

620 1942 746 1974 Senex

453 1997 524 2028 Tua
548 1996 677 2037 quidem
703 1996 757 2027 ille
781 2007 881 2027 causa
905 1996 1032 2036 potabit
1055 1997 1172 2033 minus,
1191 2004 1243 2029 ’780

193 2100 243 2124 770
263 2099 307 2124 hic
327 2100 421 2125 uiuere
440 2098 466 2124 B
526 2100 576 2124 772
595 2099 641 2132 qui
660 2098 687 2124 B
754 2099 804 2124 773
823 2106 874 2131 ego
894 2105 943 2124 om.
1009 2098 1060 2124 '775
1078 2106 1130 2131 ego
1149 2106 1200 2124 om.
1221 2098 1243 2124 G

125 2142 175 2167 776
193 2142 252 2168 MA.
273 2150 322 2168 om.
393 2142 444 2168 SE.
464 2149 513 2168 om.
585 2142 635 2167 773
655 2140 698 2167 Ad
717 2140 744 2167 B
814 2142 864 2166 780
881 2141 989 2174 potebit
1012 2139 1034 2166 0
