1596 2478
0 1794 1 1808 1

0 1809 1 1823 1

0 1825 2 1838 1

651 180 791 214 Epidicus.
1217 182 1279 211 245

158 279 300 309 excidisse
323 277 476 312 statuerit,
512 277 674 305 minoribus
702 277 838 314 equidem
866 277 979 305 lacunis
1007 286 1071 304 eam
1094 285 1152 304 non
1176 277 1279 313 paucis

158 331 294 359 laborare
317 329 412 362 video,
436 331 469 356 ut
491 330 559 355 ante
584 338 608 356 v,
638 328 692 356 191
720 332 746 355 et
775 329 834 355 356
859 331 888 355 et
913 328 940 355 in
966 329 1041 362 (580,
1071 330 1151 356 totas
1175 337 1278 355 scenas

158 391 214 410 nou
239 382 368 417 requiro.
414 379 498 414 Quod
523 379 559 406 ad
584 381 677 406 artem
702 381 732 406 et
755 379 894 406 virtutem
920 378 1024 406 snbulae
1050 379 1166 411 attinet,
1191 379 1278 405 nimis

157 442 259 460 severa
283 431 352 459 mihi
379 430 516 458 videntur
540 430 697 457 multorum
718 429 835 457 iudicia.
883 429 1067 465 Ladewigius
1087 429 1164 457 enim
1184 425 1277 465 (Zeit—

157 482 262 511 schrift
286 482 302 510 f.
327 481 455 509 Alterth.
483 480 560 508 1841
587 490 615 517 p.
646 480 722 507 1079
746 480 825 516 sqq.)
857 489 891 507 ex
924 480 1038 508 duabus
1061 480 1173 508 Graecis
1204 480 1279 507 male

157 533 384 561 contaminatam
415 535 527 566 censet,
563 541 615 558 uec
651 531 709 558 alio
744 530 825 558 ducit
855 530 956 559 Weisii
991 532 1091 568 opinio
1127 528 1187 567 (die
1221 530 1279 558 Κο-

158 583 292 612 moedieu
326 583 377 611 des
411 583 532 610 Plautus
566 592 595 618 p.
626 582 664 609 99
694 578 782 618 sqq).
847 581 898 609 His
940 583 1000 609 iure
1035 581 1280 609 contradixerunt

158 635 190 663 R.
205 634 330 662 Mueller
354 634 404 670 (de
429 634 526 661 Plauti
551 632 683 670 Epidico,
711 632 801 659 Bonu.
826 633 919 667 1865)
944 636 973 659 ct
994 632 1025 660 11.
1046 632 1211 660 Reinhardt
1235 631 1278 666 (in

157 684 353 714 Studemundi
378 684 460 712 Stud.
481 685 492 712 1
516 695 544 721 p.
568 685 624 712 103
644 693 709 720 sqq.
729 685 757 710 vt
779 682 964 710 Jahn-bacher
988 683 1006 710 f.
1026 682 1191 718 Philologie
1214 682 1280 711 CXI

157 746 184 774 p.
208 737 265 764 194
289 732 380 773 sqq).
427 735 481 763 Hic
499 734 617 771 quidem
641 744 698 762 non
723 734 970 762 contaminatione
994 733 1045 761 sed
1068 734 1280 762 retractatione

157 788 230 815 vitia
254 786 358 814 sabulae
387 788 452 814 orta
481 795 544 813 esse
573 787 686 818 censet,
723 788 752 811 et
782 794 872 812 unum
904 784 1008 812 saltem
1032 784 1128 813 locum
1153 785 1188 813 ab
1214 786 1279 822 ipso

157 838 263 866 Plauto
294 838 457 875 profectum
486 845 544 863 uon
574 845 637 863 esse
666 835 814 869 ostendit,
849 845 895 863 vv.
921 835 1064 871 47-49,
1100 845 1154 863 nec
1184 836 1280 863 miuus

156 891 259 926 aperta
289 887 527 924 interpolationis
556 886 690 923 exempla
719 886 854 923 proxima
881 885 1024 922 praebeut.
1071 885 1155 920 Quod
1181 888 1280 914 autem

156 940 233 967 idem
254 950 279 966 v.
293 939 320 966 d.
337 935 452 975 (Jahrb.
467 947 495 974 p.
513 938 570 965 195
585 934 642 974 sq.)
661 946 697 964 ex
716 946 741 964 v.
759 937 817 964 364
831 946 895 973 sqq.
910 936 1023 964 lenonis
1043 946 1159 973 quoque
1179 939 1280 973 partes

156 991 271 1027 aliquas
294 991 323 1017 in
348 989 401 1016 huc
424 988 523 1016 fabula
546 988 637 1016 fuisse
661 987 760 1021 efficit,
785 997 919 1024 eumque,
944 986 1024 1024 quod
1049 987 1202 1015 mendacio
1226 997 1279 1015 suo

155 1041 311 1078 Epidicum
336 1040 513 1073 adiuvisset,
545 1040 629 1075 gravi
652 1039 760 1066 damno
784 1037 918 1065 affectum
943 1047 1020 1070 esse.
1052 1038 1081 1065 id
1112 1037 1181 1065 inde
1204 1037 1280 1065 effici

155 1101 212 1120 uon
242 1101 328 1128 posse
358 1091 395 1118 ad
423 1100 490 1118 eum
519 1090 613 1117 locum
644 1088 825 1123 videbimus3
860 1089 993 1126 levisque
1023 1089 1182 1117 admodum
1213 1099 1279 1117 con—

154 1144 269 1170 iectura
303 1144 362 1177 est,
396 1144 430 1168 ut
459 1140 582 1168 Poenuli
611 1143 640 1167 et
671 1139 791 1167 Audriae
822 1140 865 1167 ita
899 1139 986 1167 huius
1021 1149 1139 1177 quoque
1172 1139 1280 1168 fabulae

155 1193 301 1230 duplicem
325 1193 436 1220 exitum
460 1192 530 1219 olim
549 1192 708 1226 exstitisse,
727 1191 887 1227 genuinum
906 1190 1041 1224 alterum,
1067 1191 1194 1218 alterum
1214 1193 1280 1227 post

154 1244 252 1272 Plauti
278 1247 399 1271 mortem
419 1243 616 1280 suppositum,
639 1242 716 1269 hunc
735 1244 833 1269 autem
851 1242 945 1269 solum
965 1242 1002 1269 ad
1021 1252 1073 1269 nos
1092 1243 1280 1279 pervenisse;

154 1305 219 1323 nam
243 1295 349 1322 ultima
373 1293 490 1331 Epidici
519 1303 605 1321 scena
636 1303 688 1320 nec
714 1293 820 1320 Plauto
851 1293 974 1328 indigua
1003 1295 1048 1320 est
1080 1295 1109 1320 et
1138 1293 1278 1329 legitimo,

153 1356 212 1383 quo
235 1346 380 1373 Plautinae
403 1344 510 1372 fabulae
534 1344 687 1372 terminari
711 1343 815 1379 solent,
840 1346 933 1371 metro
957 1340 996 1378 (v.
1017 1343 1133 1380 Proleg.
1153 1354 1181 1381 p⁴
1206 1343 1279 1378 172)

154 1398 322 1434 conscripta
346 1398 399 1424 est.
446 1395 522 1423 Illud
547 1397 680 1432 apparet,
705 1404 740 1422 ne
765 1393 800 1421 ab
819 1393 873 1422 huc
891 1394 1009 1431 quidem
1029 1394 1129 1422 fabula
1148 1394 1279 1423 abstinu-

154 1448 211 1475 isse
242 1448 419 1475 histrionum
447 1456 548 1474 mauus
578 1446 635 1474 alia
665 1445 838 1473 addentium
868 1445 926 1472 ulia
950 1446 1192 1480 retractantium,
1228 1445 1279 1473 sed

154 1499 284 1535 peiorem
310 1498 426 1535 Epidici
455 1497 658 1526 condicionem
690 1505 777 1531 quam
809 1498 973 1524 ceterarum
1003 1506 1065 1523 esse
1094 1506 1152 1524 non
1181 1497 1278 1531 credo,

155 1560 205 1576 nec
231 1549 299 1576 mihi
324 1549 380 1577 hoc
398 1549 548 1586 persuasit
568 1547 770 1575 Franckenius
788 1547 986 1583 (Mnemosyn.
1012 1548 1090 1575 1879
1109 1557 1138 1584 p.
1155 1548 1167 1575 1
1189 1545 1278 1584 sqq.).

155 1600 227 1628 Num
263 1609 328 1637 quae
363 1603 391 1628 et
420 1600 463 1627 illi
492 1602 522 1627 et
551 1600 616 1626 aliis
646 1599 722 1626 inter
755 1607 786 1625 se
820 1606 954 1634 pugnare
988 1597 1144 1629 videntur,
1179 1607 1279 1626 eorum

153 1652 262 1688 partim
285 1661 316 1679 re
341 1654 478 1679 accurate
500 1659 648 1688 perpensa
671 1652 748 1676 recte
773 1658 804 1676 se
827 1649 936 1677 habere
965 1648 1137 1686 apparebit,
1168 1650 1278 1686 partim

154 1706 251 1740 poetae
274 1703 330 1739 ipsi
355 1703 496 1740 imputari
519 1704 652 1738 possunt,
677 1701 727 1737 qui
751 1700 775 1728 si
800 1701 830 1727 iu
849 1703 1023 1736 argumento
1041 1703 1101 1727 tam
1125 1699 1279 1737 implicato

154 1763 213 1781 non
236 1754 354 1781 omnino
379 1752 434 1780 sibi
457 1752 608 1785 constitit,
643 1761 696 1779 nec
726 1751 831 1778 mirum
861 1755 906 1778 est
934 1761 987 1778 nec
1016 1761 1032 1778 a
1060 1750 1279 1788 spectatoribus

155 1804 350 1832 animadverti
373 1804 480 1840 potuit.

241 1855 285 1882 Ex
303 1855 385 1882 Italis
404 1854 478 1882 hanc
496 1853 625 1881 fabulmn
647 1854 780 1881 imitatus
800 1862 864 1881 esse
885 1852 994 1880 dicitur
1011 1852 1100 1888 Luigi
1118 1851 1155 1879 da
1173 1852 1279 1887 Groto,

155 1906 204 1944 qui
240 1906 326 1933 etiam
357 1905 442 1933 Cieco
470 1904 594 1932 d'Adria
622 1907 799 1942 usurpatur,
835 1913 923 1941 quum
956 1903 1092 1931 Emiliam
1125 1903 1277 1931 scriberet.

155 1957 309 1984 Molierius
334 1959 432 1983 autem
458 1957 534 1982 inter
557 1955 691 1984 fallacias
704 1955 867 1982 Masuarilli
885 1955 915 1982 in
933 1950 1083 1982 l⁷Etourdi
1104 1954 1129 1989 l,
1156 1954 1172 1981 9
1193 1953 1279 1981 huius

155 2017 273 2045 quoque
297 2010 471 2042 argumento
494 2016 564 2034 usus
588 2010 640 2034 est.

239 2058 273 2085 Iu
301 2057 481 2085 recensenda
511 2057 564 2084 huc
592 2057 692 2085 fabula
722 2060 752 2084 et
781 2056 924 2093 Gepperti
955 2055 1084 2083 editione
1115 2066 1185 2083 usus
1214 2066 1278 2083 sum

155 2106 267 2146 (1865)
293 2111 322 2136 et
345 2108 460 2136 Goetzii
483 2104 604 2144 (1878).
656 2108 717 2136 Huc
739 2107 857 2135 demum
882 2106 1016 2134 effectum
1042 2110 1095 2142 est,
1120 2110 1152 2134 ut
1176 2110 1206 2133 et
1230 2116 1277 2133 ce—
