1596 2478
621 171 822 203 Argumentum
828 194 831 197 .
1229 174 1290 204 247

169 263 256 303 (283.
281 263 365 303 522),
389 263 564 302 Apoecides
587 266 704 302 dicitur,
736 269 818 305 quasi
843 279 879 296 ex
901 279 936 297 eo
960 277 1076 305 genere,
1109 268 1169 306 qui,
1199 278 1289 306 quum

169 317 285 344 domum
310 326 392 345 suam
416 317 491 344 tueri
517 327 573 346 non
599 320 766 355 potuerint,
798 329 920 356 peregre
951 320 1078 355 migrare
1102 320 1195 348 coacti
1219 319 1288 347 sint.

598 478 855 511 Argumentum

603 546 855 575 acrostichon.

253 614 280 641 2.
305 610 400 641 aliam
423 611 478 650 qui
501 613 627 650 Pylades
651 623 722 648 eiu.;
746 614 839 652 Gepp.
862 618 930 653 „qui
949 615 1074 653 aeque“,
1099 616 1202 644 Goetz.
1219 617 1289 653 „qui

167 664 285 692 nliain‘''.
333 664 436 692 Hiatus
457 665 486 692 in
504 674 614 692 caesura
632 665 717 692 facile
737 666 878 700 ferretum
903 666 955 694 sed
969 667 1133 695 subiectum
1147 667 1288 701 variatur,

167 718 214 750 ut,
244 715 267 742 si
297 716 456 743 retinueris
485 713 590 752 atque,
626 720 677 743 aut
704 715 765 751 „is“
791 720 843 745 aut
869 717 956 750 „ille”
983 717 1151 746 addendum
1175 718 1224 746 sit.
1248 732 1290 736 —

167 762 392 794 conducticiam
416 765 540 802 Pylades
569 776 623 794 em.
664 781 696 785 —
736 768 763 795 3.
798 764 875 803 filii,
910 768 988 804 quod
1019 778 1122 796 seusus
1152 769 1289 805 requirit,

167 819 245 845 recte
268 815 408 844 Goetzius
432 820 534 844 tuetur
557 817 641 845 Anal.
668 817 796 847 Plautiu.
820 829 848 855 p.
875 819 924 853 82,
949 829 1002 847 nec
1025 819 1101 847 enim
1126 821 1180 853 eet,
1211 819 1290 855 quod

167 867 320 895 credamus
350 868 516 904 argumenti
546 869 720 905 scriptorem
752 878 768 896 a
798 869 955 906 trisyllaba
984 870 1079 897 forma
1102 869 1289 897 abstinuisse.

167 918 262 954 Vulgo
291 918 358 946 iude
387 928 404 946 a
427 918 542 946 Camer.
569 918 668 953 ‚,filio“
702 919 801 948 editur
832 929 896 948 cum
926 920 1119 957 sequentibus
1148 921 1289 954 iunctum,

165 969 217 998 sed
251 965 321 997 erili
354 970 417 997 sine
450 970 638 997 substantivo
668 973 766 998 exstat
795 972 886 998 etiam
914 971 1022 999 Pseud.
1046 972 1116 1008 Arg.
1139 970 1160 1006 I,
1193 972 1220 999 6.
1249 985 1290 989 —

166 1020 195 1048 4.
225 1016 371 1054 destinat,
400 1021 479 1057 emit,
508 1020 560 1048 cfr.
585 1020 663 1048 infra
686 1022 746 1049 486
771 1021 807 1050 al.
835 1036 871 1040 —
898 1022 924 1049 5.
955 1018 1036 1050 Mon:
1059 1021 1127 1050 add.
1153 1021 1288 1057 Pylades.

165 1085 207 1090 -—
232 1072 258 1098 7.
284 1071 361 1098 Ante
384 1067 457 1099 haec
479 1070 578 1099 hiatus
602 1072 632 1098 in
656 1081 782 1106 caesura;
817 1072 952 1100 Mueller.
980 1071 1059 1107 ‚‚ita“
1086 1072 1186 1106 addit,
1211 1071 1289 1109 quod

166 1131 224 1150 non
248 1121 395 1158 displicet.
440 1121 536 1158 Vulgo
561 1131 626 1150 cum
650 1121 763 1150 Cauier.
790 1122 1030 1160 ‚,quaeritabat“.

585 1274 711 1312 Ipsius
734 1274 869 1304 fabulae

165 1334 263 1362 Prima
291 1344 378 1362 scena
406 1333 584 1370 Thesprioni
615 1333 826 1371 Stratippoclis
855 1344 940 1362 servo
970 1345 1006 1362 ex
1040 1335 1119 1362 bello
1154 1334 1289 1362 redeunti

165 1386 296 1414 occurrit
308 1385 450 1422 Epidicus
469 1385 545 1412 alter
562 1394 665 1413 servus
683 1381 953 1423 properantemque
972 1385 1182 1414 confabulandi
1201 1395 1290 1413 causa

164 1440 292 1464 revocat.
347 1436 498 1464 Canticum
529 1436 743 1464 vividissimum
775 1437 885 1472 partim
919 1436 1078 1465 trochaicis
1111 1437 1289 1473 septenariis

163 1488 274 1524 partim
304 1487 438 1515 iambicis
467 1487 628 1515 octonariis
656 1490 792 1515 movetur
820 1488 1004 1524 interpositis
1033 1488 1122 1515 etiam
1152 1487 1198 1514 hic
1229 1487 1290 1514 illic

165 1538 298 1566 dimetrie
328 1537 487 1566 trochaicis
516 1537 709 1572 catalectieis,
745 1547 819 1574 quos
842 1538 865 1566 B
889 1538 974 1566 binos
998 1539 1028 1566 in
1051 1547 1141 1565 unum
1170 1547 1288 1566 versum

164 1590 271 1624 iungit,
294 1589 321 1616 A
343 1588 476 1624 singulos
500 1591 608 1616 servat.
656 1588 717 1615 Hoc
741 1589 804 1616 eius
827 1588 944 1616 schema
968 1591 1027 1616 est:
1055 1589 1135 1616 1—2
1158 1590 1196 1616 tr.
1222 1597 1288 1625 sep-

164 1640 282 1672 tenarii,
315 1640 395 1668 3—-6
420 1642 458 1667 tr.
483 1639 603 1667 dimetri
627 1642 694 1674 cat„
724 1640 806 1667 7—8
830 1639 920 1667 iamb.
945 1640 1101 1673 octonarii,
1133 1640 1149 1666 9
1174 1639 1287 1674 similis,

164 1690 188 1718 si
213 1689 392 1727 „Eugepae“
426 1690 580 1724 scribitur3
615 1690 640 1717 si
670 1699 735 1717 cum
765 1689 850 1718 codd.
879 1688 1011 1726 „Euge“,
1041 1690 1227 1727 septenarius
1259 1690 1288 1717 in

164 1751 254 1769 unum
283 1744 414 1778 systema
442 1741 607 1777 iungendus
637 1750 701 1768 cum
725 1741 875 1777 proximo.
908 1742 960 1774 10,
990 1742 1042 1777 qui
1069 1740 1164 1768 troch.
1187 1743 1287 1777 septe·

163 1793 263 1820 narius
286 1795 338 1819 est.
394 1792 517 1820 11—12
541 1794 578 1819 tr.
603 1791 673 1819 dim.
698 1794 770 1826 caiz,
804 1792 926 1820 13—-18
950 1788 1091 1819 trochaici
1114 1791 1287 1828 septenarii,

167 1843 288 1871 19——23
319 1843 406 1870 iamb.
431 1842 584 1876 octonarii,
615 1842 739 1870 24—25
771 1845 809 1870 tr.
839 1843 1017 1878 septenarii,
1049 1842 1173 1870 26-29
1198 1841 1285 1869 iamb.

164 1893 316 1929 octonarii,
343 1894 467 1922 30——37
487 1896 524 1921 tr.
538 1893 711 1930 septenarii,
737 1893 861 1920 38—44
880 1893 968 1920 iamb.
984 1893 1136 1926 octonarii,
1161 1892 1287 1920 45—46

163 1947 202 1972 tr.
215 1945 391 1981 septenarii,
418 1945 456 1973 50
470 1943 558 1971 iamb.
571 1944 751 1977 octonarius,
777 1944 900 1971 52—57
915 1946 952 1971 tr.
966 1944 1135 1981 septenarii,
1161 1944 1285 1971 58—-59

164 1995 252 2023 iamb.
282 1995 403 2023 dimetri
433 1998 505 2029 cat,
541 1995 665 2022 60—61
696 1994 784 2021 iamb.
816 1992 974 2029 octonarii,
1012 1994 1135 2022 62—63
1167 1993 1287 2021 dimetri

164 2046 296 2080 iambici,
338 2046 377 2074 64
407 2048 580 2083 corruptus,
622 2046 746 2074 65—66
774 2045 862 2072 iamb.
892 2045 1052 2079 octonarii,
1094 2045 1217 2073 67-69
1248 2048 1286 2072 tr.

163 2097 333 2135 septenarii,
360 2097 482 2125 '70-71
507 2099 546 2124 tr.
572 2096 727 2132 octonarii,
752 2096 876 2124 72—75
901 2098 939 2123 tr.
963 2096 1134 2133 septenarii,
1161 2096 1285 2123 76—79
