1596 2478
270 773 375 830 Quum
406 799 513 827 abhinc
542 809 634 827 annos
665 809 758 837 prope
788 803 856 827 octo
887 800 1010 828 alteram
1040 800 1127 828 huius
1152 800 1310 828 voluminis

183 854 297 887 pai-tem
329 850 424 883 edidi,
459 860 511 877 cur
540 851 670 887 priorem
702 852 874 883 retinerem,
911 861 1028 879 eausam
1060 852 1144 879 attuli
1176 851 1311 879 omnibus

183 902 431 939 acceptissimam,
467 901 664 929 Studemundi
693 901 868 929 (Yistellariae
903 902 1064 930 editionem
1097 902 1177 930 brevi
1210 903 1310 939 prodi-

182 957 278 980 turam
303 962 376 986 esse,
408 952 562 988 virumque
587 952 788 980 doctissimum
813 953 884 980 mihi
909 954 1046 987 suasisse,
1072 963 1106 981 ue
1130 956 1198 980 ante
1223 963 1310 989 quam

183 1014 246 1032 eam
276 1003 430 1037 vidissem,
466 1003 595 1030 fabulam
625 1006 791 1040 temporum
829 1005 937 1031 iniuria
972 1007 1031 1032 tam
1069 1005 1143 1032 male
1178 1005 1309 1032 habitam

183 1055 310 1083 ederem.
367 1056 460 1089 Quam
485 1054 643 1081 editionem
674 1054 770 1082 adhuc
794 1065 851 1083 non
876 1065 930 1089 ego
954 1057 1061 1093 magis,
1098 1066 1184 1092 quam
1209 1066 1312 1083 omnes

184 1106 285 1133 hurum
310 1106 478 1133 litterarum
502 1105 626 1132 studiosi
652 1105 759 1142 cupide
783 1110 998 1143 exspectamus,
1024 1117 1075 1134 nec
1099 1107 1204 1134 dubito
1229 1108 1310 1143 quin.

183 1157 232 1184 ubi
257 1167 291 1184 ea
315 1157 506 1194 apparuerit,
541 1157 674 1184 futurum
698 1157 737 1184 sit
760 1160 794 1184 ut
818 1167 895 1190 men,
931 1158 1066 1194 quamvis
1090 1159 1205 1194 priores
1229 1162 1311 1185 ante-

183 1209 282 1241 cedat,
318 1211 415 1235 tamen
446 1208 541 1235 multo
572 1208 693 1235 inferior
722 1208 858 1236 videatur
887 1218 935 1242 eo,
971 1209 1049 1245 quod
1074 1209 1162 1236 hodie
1186 1219 1217 1236 re
1241 1219 1311 1237 vera

181 1259 257 1287 effici
282 1260 394 1296 possit3
430 1269 497 1286 nam
523 1259 706 1296 palimpsesti
731 1259 862 1293 schedas,
888 1269 962 1296 quas
986 1262 1053 1287 ante
1077 1260 1193 1297 aliquot
1217 1271 1309 1288 anuos

182 1312 352 1338 examinare
382 1311 565 1346 inceperam,
601 1313 660 1337 tam
690 1310 860 1338 valetudine
891 1321 977 1347 quam
1006 1312 1133 1347 negotiis
1157 1311 1310 1339 districtus

182 1362 349 1399 relinquere
390 1364 508 1389 coactus
548 1370 627 1395 sum,
667 1371 720 1388 nec
757 1362 868 1390 invitus
908 1362 1129 1399 relinquebam,
1170 1364 1308 1399 quoniam

181 1412 378 1441 Studemundi
403 1413 504 1449 copias
528 1415 645 1439 exstare
669 1413 811 1449 brevique
836 1413 945 1450 publici
972 1413 1044 1440 iuris
1068 1414 1130 1440 fore
1156 1414 1308 1450 putabam.

181 1464 239 1492 Sed
262 1464 407 1491 absolutis
435 1464 541 1491 ceteris
571 1473 642 1492 meae
672 1464 812 1492 editionis
843 1464 979 1501 partibus
1009 1474 1099 1501 quum
1129 1475 1181 1492 nec
1205 1465 1310 1492 biblio-

181 1516 250 1552 pola
273 1516 467 1542 amicissimus
497 1525 572 1552 opus
602 1515 806 1551 imperfectum
837 1525 954 1543 manere.
978 1519 1140 1552 pateretur,
1171 1527 1223 1544 nec
1247 1517 1310 1554 ipse

181 1569 268 1594 aetate
292 1567 349 1594 iam
374 1569 516 1603 provecta
539 1566 650 1594 diutius
675 1568 783 1594 morari
808 1566 958 1601 auderem,
988 1577 1062 1601 mea,
1093 1568 1309 1604 qualiacunque

183 1620 262 1651 sunt,
287 1617 377 1645 edidi.

265 1668 299 1696 In
322 1668 376 1696 hac
400 1671 498 1696 autem
522 1671 608 1706 parte
633 1671 753 1696 eatenus
778 1669 813 1697 ab
838 1679 872 1696 eo
896 1670 1029 1703 consilio,
1054 1670 1135 1706 quod
1156 1671 1184 1697 in
1205 1671 1310 1698 ceteris

181 1722 297 1747 secutus
321 1729 400 1750 sum.
430 1720 592 1754 declinavi,
627 1720 707 1757 quod
737 1721 827 1757 paulo
855 1721 1024 1748 uberiorem
1057 1721 1144 1748 attuli
1176 1721 1309 1750 codicum

181 1771 363 1798 varietatem.
410 1771 484 1799 Nam
510 1781 600 1808 quum
623 1770 678 1798 hoc
704 1771 773 1799 mihi
798 1771 834 1799 ab
858 1773 943 1800 initio
966 1773 1196 1810 proposuissem,
1220 1776 1254 1800 ut
1272 1773 1309 1801 ab

181 1822 336 1850 inutilibus
360 1822 496 1850 omnibus
520 1822 716 1856 abstinerem,
752 1833 788 1851 ne
818 1823 968 1860 farragine
999 1824 1147 1851 variarum
1181 1825 1308 1861 scriptu-

181 1883 278 1901 rarum
303 1873 463 1908 legentium
488 1874 576 1901 animi
600 1873 796 1901 turbarentur
824 1878 853 1901 et
882 1874 1096 1911 fatigarentur,
1133 1875 1259 1912 ideoque
1280 1877 1309 1903 in

181 1924 330 1962 prioribus
354 1924 452 1951 Plauti
483 1924 589 1952 fabulis
620 1926 707 1952 unius
739 1925 847 1953 codicis
871 1925 1160 1953 Palatino-Vaticani
1185 1925 1235 1962 (B)
1260 1937 1309 1954 va-

181 1976 314 2003 rietatem
339 1976 520 2009 attulissem,
551 1977 689 2012 quoniam
713 1979 818 2013 postea
842 1977 962 2004 invento
987 1977 1059 2004 XIII
1083 1978 1181 2004 saeculi
1208 1977 1309 2005 codice

179 2026 378 2054 Ambrosiano
398 2026 408 2053 I
429 2027 489 2054 257
515 2036 621 2054 novum
645 2027 811 2055 subsidium
836 2028 994 2055 accessisse
1019 2028 1184 2063 videbatur,
1211 2029 1257 2056 hie
1281 2032 1309 2056 et

181 2077 267 2105 huius
291 2074 342 2113 (E)
367 2080 395 2104 et
419 2077 585 2106 Britannici
615 2078 722 2106 codicis
747 2076 786 2114 (I)
816 2079 992 2107 varietatem
1029 2080 1129 2112 attuli,
1162 2089 1220 2106 non
1250 2090 1308 2116 quo

181 2129 304 2156 multum
329 2128 382 2156 hac
406 2139 437 2156 re
460 2129 627 2166 profectum
657 2129 825 2163 crederem,
856 2130 906 2157 sed
938 2140 996 2167 quo
1021 2131 1114 2166 magis
1138 2134 1308 2167 appareret,
