1596 2478
141 163 162 196 1,
185 166 206 196 1,
224 165 316 195 'rs—2.
335 165 368 190 22
617 164 796 190 Mostellaria.
1226 167 1264 195 '73

140 258 321 290 Paucorum
347 268 492 290 mensum
515 262 592 290 sunt
615 258 748 290 relictae
772 258 940 299 reliquiae.

139 312 233 343 Nunc
256 322 312 343 rus
337 311 452 350 abib03
477 321 550 343 nam
575 322 688 343 eccum
712 312 824 343 erilem
848 312 950 343 fllium

140 365 253 404 Uideo,
276 369 465 406 corruptum
490 376 529 396 ex
553 366 766 396 adulescente
791 370 934 405 optumo.
1231 372 1265 399 80

384 509 682 541 PHILOLACHES
728 510 1017 542 ADULESCENS.

570 603 829 635 Philolaches

224 658 426 688 Recordatus
452 657 586 688 multum
610 661 643 689 et
666 657 720 688 diu
744 658 896 697 cogitaui,

223 712 487 751 Argumentaque
513 711 544 741 in
570 715 683 751 pectus
709 711 811 742 multa
835 712 963 742 institui

222 765 291 805 Ego
315 769 414 805 atque
439 765 470 795 in
497 775 567 795 meo
593 765 698 799 corde,
724 766 750 796 si
775 768 824 796 est
849 765 937 805 quod
962 765 1039 796 mihi
1064 776 1127 803 cor,

222 818 301 850 Eam
327 829 392 850 rem
419 818 566 849 uolutaui
591 822 623 849 ct
647 818 701 849 diu
727 819 901 859 disputaui,

343 872 513 903 Hominem
539 873 655 913 quoius
681 873 735 909 rei,
761 871 891 913 quando
916 877 1038 909 natust,
1228 883 1261 907 85

222 927 366 957 Similem
391 937 462 957 esse
487 926 667 957 arbitrarer
692 926 966 967 simulacrumque
990 926 1127 964 habere3

341 980 376 1011 Id
401 980 533 1020 repperi
557 981 622 1010 iam
647 980 836 1020 exemplum.

220 1033 388 1065 Nonarum
413 1033 542 1065 aedium
568 1044 637 1065 esse
662 1033 806 1065 arbitror
831 1035 967 1065 similem
998 1045 1056 1074 ego
1086 1035 1258 1073 hominem,

221 1088 358 1126 Quando
383 1087 435 1118 hic
459 1090 557 1118 natus
581 1091 646 1126 θεῖς
671 1088 699 1118 ei
724 1089 770 1118 rei
794 1092 988 1127 argumenta
1013 1089 1126 1120 dicam.

221 1143 328 1182 Atque
354 1142 414 1172 hoc
436 1141 524 1172 haud
550 1141 682 1172 uidetur
705 1142 774 1173 ueri
798 1143 902 1173 simile
927 1143 1037 1181 uobis;
1226 1153 1260 1177 90

342 1196 383 1226 At
406 1206 465 1235 ego
490 1195 520 1226 id
547 1196 665 1226 faciam
689 1206 760 1226 csse
785 1197 832 1227 ita
854 1200 891 1227 ut
914 1197 1065 1228 credatis.

221 1249 373 1281 Profecto
398 1260 468 1280 esse
492 1250 538 1280 ita
562 1253 598 1280 ut
622 1250 776 1290 praedico
801 1261 880 1281 uera
903 1251 1041 1282 uincam.

220 1304 326 1344 Atque
350 1303 411 1334 hoc
436 1307 562 1334 uosmet
586 1303 655 1344 ipsi,
679 1304 757 1342 scio,
782 1304 918 1344 proinde
943 1305 990 1335 uti
1015 1316 1099 1336 nnnc

220 1357 288 1396 Ego
312 1368 382 1389 esse
407 1361 548 1392 autumo,
575 1357 706 1398 quando
730 1357 819 1388 dicta
842 1358 981 1389 audietis

339 1411 421 1449 Mea,
445 1411 533 1442 haud
559 1411 655 1442 aliter
678 1411 709 1442 id
734 1411 858 1442 dicetis.
967 1423 970 1426 ’
1225 1422 1258 1447 95

219 1464 422 1503 Auscultate,
447 1470 641 1504 argumenta
664 1466 741 1497 dum
766 1465 840 1497 dico
864 1465 905 1497 ad
927 1465 1013 1497 hanc
1036 1477 1120 1506 rem3

220 1518 321 1550 Simul
345 1520 496 1558 gnaruris
520 1529 580 1551 uos
605 1519 678 1551 uolo
702 1530 773 1551 esse
797 1519 882 1550 hanc
906 1530 974 1550 rem
998 1531 1133 1552 mecum,

218 1572 323 1604 Aedes
348 1584 444 1613 quom
470 1574 634 1614 extemplo
659 1577 734 1605 sunt
757 1577 907 1614 paratae,
929 1574 1102 1614 expolitae,

338 1627 460 1658 Factae
484 1627 586 1668 probe
610 1629 818 1666 examussim,

133 1679 285 1711 Laudant.
312 1680 441 1712 fabrum
473 1685 573 1721 atque
603 1683 695 1713 aedis
726 1682 881 1722 probant3
917 1681 979 1712 sibi
1011 1683 1149 1722 quisque
1183 1683 1257 1713 inde

809 1735 992 1776 exemplum
1017 1739 1182 1776 expetunt,
1210 1745 1259 1770 100

132 1785 216 1827 [Sibi
241 1787 396 1829 quisque]
423 1789 528 1820 simile
554 1799 613 1821 suo
636 1791 663 1820 is
688 1800 748 1820 sna
765 1789 784 1828 †
805 1794 937 1830 sumptu
961 1800 1093 1830 operam
1117 1794 1257 1830 parcunt

809 1854 910 1874 suam.

198 1927 232 1952 78
250 1934 395 1952 mensuum
472 1927 505 1952 79
524 1936 626 1960 equum
646 1926 672 1952 B
747 1929 779 1953 82
798 1927 826 1953 in
846 1931 942 1960 pectus
962 1936 1012 1954 om.
1032 1928 1054 1954 C
1121 1929 1155 1954 85
1173 1931 1256 1954 natus

131 1971 173 1994 est
251 1968 284 1994 88
303 1969 411 1994 arbitro
430 1969 457 1994 B
535 1970 569 1995 90
588 1969 667 1995 nobis
689 1969 710 1995 C
787 1971 818 1995 91
840 1971 931 2003 Atque
952 1970 972 1995 0
1048 1970 1149 1995 92—95
1168 1970 1256 1996 tribus

130 2011 251 2037 versibus
269 2010 296 2037 Β
381 2012 414 2037 92
435 2013 472 2037 ita
492 2020 552 2037 esse
633 2012 666 2037 97
685 2020 738 2044 gna
759 2013 814 2037 ruri
834 2021 883 2037 suo
963 2012 1035 2038 hanc
1055 2020 1102 2038 om.
1123 2013 1145 2039 Ο
1221 2013 1254 2038 99

129 2053 234 2085 probae
254 2053 410 2079 exemissim
430 2053 457 2079 B
535 2054 583 2079 100
601 2054 769 2086 extemplum
842 2058 976 2087 expetant,
994 2054 1021 2080 Β
1093 2056 1138 2081 101
1159 2063 1252 2088 sump-

130 2098 189 2120 tum
209 2094 231 2121 G
297 2099 416 2129 pascunt
435 2104 485 2122 sua
505 2095 527 2122 C
