1596 2478
124 193 160 225 ΙΙ,
178 194 203 226 2,
224 193 321 219 14—29
593 191 776 218 Menaechmi.
1178 193 1236 222 179

548 285 814 316 Menaechmus

573 339 744 379 Responde
768 338 857 376 mihi,
1188 347 1238 373 285

124 395 332 426 Adulescens,
356 393 473 434 quibus
497 393 548 423 hic
573 393 686 432 pretiis
711 393 799 433 porci
823 398 967 425 ueneunt

125 448 252 486 Sam-es,
276 447 414 479 sinceri?

578 506 790 547 Cylindrus

449 560 605 592 Numinis.

535 620 820 652 Menaechmus

632 674 807 706 Nummum
831 685 851 706 a
874 685 923 706 me
947 676 1074 716 accipe;

125 730 203 762 Iube
226 735 258 762 te
282 730 366 770 piari
390 730 429 761 de
452 740 524 761 mea
548 729 697 770 pecunia.

125 785 205 816 Nam
230 784 381 826 equidem
404 785 554 815 insanum
579 794 650 815 esse
675 787 706 815 te
729 788 817 816 certo
842 785 918 822 scio,

127 838 187 876 Qui
211 839 288 870 mihi
312 838 487 874 molestu's,
512 838 632 869 homini
655 838 777 878 ignoto,
801 839 948 879 quisquis
972 849 1014 870 es.
1193 847 1244 872 290

576 896 792 938 Cylindrus

127 952 300 994 Cylindrus
323 964 382 991 ego
406 963 486 984 sum.
533 952 604 984 Non
628 953 712 984 nosti
736 963 852 984 nomen
877 953 1007 984 meum?

540 1018 827 1050 Menaechmus

127 1073 190 1104 Seu
213 1077 248 1105 tu
273 1073 445 1114 Cylindrus
468 1084 526 1105 seu
550 1071 756 1111 Gofieudrus‚
780 1073 926 1113 perieris.

127 1128 194 1168 Ego
218 1134 250 1159 te
274 1138 337 1159 non
362 1128 438 1158 noui
463 1138 567 1168 neque
592 1128 726 1159 uouisse
751 1127 832 1158 adeo
856 1127 942 1158 uolo.

572 1180 793 1222 Cylindrus

126 1236 186 1267 Est
208 1236 268 1267 tibi
291 1235 501 1268 Menaechmo
524 1235 663 1267 nomen?

552 1289 821 1321 Menaechmus

686 1344 826 1376 Tantum
850 1345 937 1386 quod
961 1345 1070 1376 sciam.

128 1399 191 1430 Pro
216 1410 295 1431 sano
319 1399 472 1439 loqueris,
497 1409 593 1439 quom
619 1410 668 1430 me
692 1399 839 1440 adpellas
862 1400 1002 1430 nomine.
1196 1408 1246 1433 295

129 1453 193 1485 Sed
216 1453 270 1484 ubi
293 1454 414 1485 nouisti
436 1454 509 1485 me?

575 1507 794 1549 Cylindrus

548 1561 610 1594 Ubi
634 1573 693 1602 ego
717 1566 749 1592 te
773 1562 942 1593 nouerim?

129 1616 190 1655 Qui
214 1617 350 1648 amicam
373 1617 496 1648 habeas
520 1627 608 1648 eram
633 1626 747 1654 meam,
772 1616 856 1647 hanc
879 1616 1049 1648 Erotium‘.>

547 1671 827 1702 Menaechmus

131 1726 242 1766 Neque
266 1725 373 1757 hercle
397 1735 456 1765 ego
479 1725 584 1756 habeo
609 1735 714 1765 neque
737 1728 782 1763 te,
805 1725 860 1764 qui
883 1725 979 1756 homo
1003 1725 1058 1763 sis,
1082 1726 1161 1756 seio.

583 1779 802 1819 Cylindrus

130 1834 201 1866 Non
226 1835 298 1870 scis,
324 1834 396 1874 quis
420 1843 479 1873 ego
503 1834 574 1870 sim,
598 1834 653 1873 qui
676 1833 736 1864 tibi
762 1834 963 1873 saepissume

131 1887 312 1929 Cyathisso,
338 1887 422 1928 apud
446 1898 505 1919 nos
529 1887 659 1928 quando
684 1888 804 1928 potas?

198 2008 248 2032 286
267 2007 347 2039 pretii
409 2007 484 2040 porti
504 2005 526 2033 C
588 2007 705 2032 ueniunt
771 2006 822 2032 287
840 2006 931 2034 Sacris
951 2007 1160 2033 iucerinummis
1172 2028 1177 2033 .
1189 2028 1194 2033 .
1206 2017 1247 2034 .a.

131 2048 164 2081 Β,
185 2049 207 2076 G
222 2049 283 2075 sine
300 2050 390 2082 spatio
457 2050 507 2075 290
525 2049 586 2082 quis
605 2051 661 2076 esci
680 2049 701 2075 G
767 2050 817 2075 294
836 2050 1016 2076 menahecmo
1087 2049 1176 2076 ΜΕΝ.
1198 2059 1247 2077 om.

131 2092 182 2118 296
200 2091 253 2118 CY.
273 2100 323 2118 om.
344 2092 367 2118 0
432 2093 483 2117 298
502 2100 554 2125 ego
573 2100 623 2118 om.
642 2092 696 2119 BC
760 2091 891 2125 quis-BC
954 2093 1004 2119 299
1023 2093 1075 2119 CY.
1095 2101 1144 2120 om.
1211 2093 1248 2119 sis

133 2135 183 2160 300
201 2137 274 2160 totae

999 2189 1043 2215 12*
