1596 2478
129 186 150 219 Ι,
169 187 193 218 3,
212 187 313 213 51-64
597 184 779 210 Mostellaria.
1213 185 1252 215 '79

604 279 777 320 [Scapha

130 335 253 367 Inscita
277 337 405 366 ecastor
428 338 463 365 tu
488 333 620 374 quidem
645 344 690 364 es.

543 401 831 432 Philematium

693 454 902 495 Quapropter
909 454 924 484 ἶ)

608 522 772 562 Scapha

934 565 1023 603 Quae
1047 565 1131 596 istuc
1155 575 1251 596 cures.

130 610 173 642 Ut
196 614 228 641 te
252 609 306 641 ille
330 613 426 641 amet.

543 667 832 698 Philematium

473 721 540 752 Cur
563 721 699 753 obsecro
723 731 787 752 non
811 722 946 752 curem?

613 786 771 826 Scapha

976 829 1097 860 Libera
1121 840 1154 860 es
1178 829 1253 860 iam.

128 886 176 917 Tu
195 887 270 923 iam,
289 884 377 925 quod
395 884 588 924 quaerebas,
608 883 725 919 habes3
749 883 804 914 ille
823 886 855 913 te
874 883 935 913 nisi
949 883 1075 914 amabit
1088 883 1184 920 ultro,
1204 892 1255 916 205

129 940 175 978 Id,
200 950 258 980 pro
281 939 389 979 capite
413 941 470 969 tuo
495 937 583 978 quod
610 937 709 973 dedit,
735 936 918 977 perdiderit
941 939 1070 967 tantum
1094 937 1230 977 argenti.

560 1004 821 1036 Philolaches

128 1061 215 1093 Perii
239 1059 358 1097 hercle,
382 1061 414 1090 ni
439 1069 498 1099 ego
521 1059 611 1090 illam
637 1059 796 1099 pessumis
821 1058 979 1099 exemplis
1003 1059 1162 1089 enicasso.

127 1115 191 1146 Illa
212 1114 274 1146 hac
297 1114 477 1153 corrumpit
502 1113 670 1144 mulierem
695 1112 886 1144 malesuada
910 1112 1084 1143 cantilena.

543 1183 567 1214 P
575 1183 659 1215 hile
669 1194 699 1214 m
708 1194 727 1214 a
736 1188 747 1214 t
755 1184 764 1214 i
773 1194 793 1214 u
802 1194 832 1214 m

128 1240 312 1279 Numquam
332 1248 390 1278 ego
411 1237 458 1269 illi
479 1248 610 1278 possum
623 1238 762 1278 gratiam
776 1236 907 1273 referre,
927 1240 963 1267 ut
977 1237 1126 1268 meritust
1139 1237 1178 1268 de
1193 1247 1252 1268 me.

128 1293 268 1334 Scapha,
288 1291 320 1323 id
341 1296 376 1323 tu
397 1292 474 1323 mihi
492 1302 533 1322 ne
551 1291 700 1328 suadeas,
721 1295 758 1322 ut
775 1290 867 1321 illum
886 1291 1020 1321 minoris
1034 1291 1184 1330 pendam.
1205 1299 1255 1324 210

612 1361 772 1402 Scapha

130 1418 171 1449 At
193 1417 254 1449 hoc
278 1428 378 1448 unum
402 1417 502 1448 facito
527 1417 667 1456 cogites:
693 1416 719 1447 si
743 1415 833 1446 illum
858 1415 1034 1446 inseruibis
1058 1415 1173 1453 solumy

128 1472 210 1502 Dum
234 1471 294 1502 tibi
319 1481 402 1502 nunc
426 1471 507 1502 haec
531 1469 720 1507 aetatulast,
744 1469 776 1499 in
801 1472 932 1500 senecta
955 1469 1039 1500 male
1064 1479 1210 1509 querere.
1250 1497 1253 1499 ,

559 1534 827 1566 Philolaches

128 1590 164 1621 In
188 1590 339 1630 anginam
364 1600 423 1629 ego
446 1599 532 1620 nunc
554 1600 604 1620 me
627 1588 725 1620 uelim
748 1588 844 1626 uorti,
868 1590 904 1618 ut
927 1587 1092 1618 ueneficae
1116 1587 1163 1617 illi

128 1644 245 1675 Faucis
268 1642 468 1684 prehendam
493 1646 592 1683 atque
617 1643 739 1673 enicem
764 1641 934 1673 scelestam
958 1641 1216 1672 stimulatricem.

545 1713 570 1744 P
577 1713 636 1744 hil
645 1724 661 1744 e
671 1724 701 1744 m
710 1723 730 1744 a
737 1713 795 1744 tiu
803 1723 833 1743 m

129 1768 274 1800 Eundem
287 1769 431 1799 animum
444 1771 575 1808 oportet
587 1778 672 1798 nunc
685 1767 763 1798 mihi
777 1777 859 1804 esse,
877 1770 1006 1807 gratum
1024 1770 1060 1797 ut
1079 1767 1252 1806 inpetraui,

129 1822 237 1863 Atque
250 1822 336 1860 olim,
351 1823 541 1862 priusquam
554 1821 587 1852 id
601 1821 725 1856 extudi,
745 1831 843 1860 quom
856 1820 904 1851 illi
918 1820 1185 1852 subblandiebar.
1204 1829 1256 1854 216

197 1950 247 1976 203
266 1949 369 1976 Inciste
447 1952 542 1975 castor
561 1949 583 1975 0
660 1948 724 1983 quia
741 1951 860 1983 propter
879 1949 901 1974 G
977 1957 1055 1974 cures
1075 1956 1124 1974 om.
1204 1949 1256 1974 205

131 1996 198 2026 quot
218 1992 241 2019 0
306 1993 356 2018 203
375 1992 447 2019 hanc
517 1991 703 2018 malesuadam
725 1992 838 2017 uitilena
858 1991 891 2020 B,
911 1991 1072 2017 malesuada
1089 1990 1218 2016 Uttilena
1236 1990 1258 2016 Ο

131 2036 179 2061 211
198 2036 327 2061 iuseruiis
347 2035 373 2061 B
434 2036 485 2060 213
504 2035 614 2067 aginam
633 2034 660 2060 B
728 2043 771 2060 me
791 2035 862 2060 uerti
883 2035 966 2059 uelim
987 2034 1008 2059 G
1068 2034 1210 2060 beneficae
1228 2034 1256 2059 B

132 2079 182 2104 214
200 2078 413 2104 stimulam-icem
433 2078 579 2104 scelestam
600 2076 622 2103 0
761 2078 812 2102 215
830 2077 994 2110 impetrauit
1013 2075 1048 2108 B,
1067 2076 1217 2109 imperauit
1236 2076 1258 2101 0

132 2120 182 2146 216
200 2121 285 2146 extuli
306 2121 327 2145 C
