1596 2478
293 185 352 215 138
800 181 907 208 Casina.

290 278 448 308 delendum
472 288 593 314 censeo,
623 288 682 315 quo
711 279 790 308 facto
818 289 922 308 versus
945 278 1103 308 constabit.
1126 293 1169 299 —
1192 279 1262 308 200.
1288 277 1414 315 „hodie“

291 330 402 359 delevit
426 329 512 359 Both.
547 344 587 349 —
624 331 694 358 201.
734 328 856 364 „nimis“
889 339 994 359 versus
1024 339 1112 358 causa
1140 331 1255 359 sustuli.
1281 345 1321 350 —
1345 331 1416 359 202.

289 388 354 410 uon
377 381 446 409 olim
469 380 613 409 additum.
629 381 753 410 —203.
777 376 913 416 insuerit
937 381 1072 409 Mueller.
1096 380 1249 410 Edebutur
1275 380 1415 418 „inerit“,

289 432 341 461 sed
376 435 438 460 tum
473 432 633 460 verborum
668 431 742 460 ordo
783 433 893 460 inverti
933 431 1031 460 debet.
1094 431 1202 469 Speng.
1240 432 1310 467 „ubi
1344 430 1413 460 ubi“

289 483 364 511 coni.
431 482 520 519 Seyff.
550 482 627 510 Phil.
657 482 757 511 XXIX
786 493 815 520 p.
842 484 919 511 387:
972 483 1063 518 „Nam
1099 493 1209 518 escum,
1250 483 1300 511 ubi
1335 492 1417 511 amor

290 533 509 562 condimentum
543 534 643 568 inerit,
679 535 799 571 quoiuis
833 534 1010 571 placituram
1045 532 1167 562 credo“.
1199 548 1232 553 -
1268 534 1344 568 206,
1379 533 1416 562 cf.

288 584 361 612 Cist.
387 585 459 613 202.
506 582 602 619 (lomi,
627 595 653 613 v.
667 584 705 613 ad
722 584 787 613 Mil.
805 586 873 614 193.
890 585 1014 613 —207.
1038 584 1096 613 Pro
1119 587 1261 622 corrupto
1287 583 1412 622 „quam“

289 636 380 671 vulgo
407 635 601 673 „pmtquanr‘
627 635 735 671 editur,
765 645 819 673 ego
842 636 953 664 leniore
976 637 1155 670 mutatione,
1186 635 1237 664 sed
1261 635 1363 664 eadem
1386 637 1416 664 vi

289 684 452 724 quoniam,
488 687 523 714 cf.
549 686 585 714 ud
613 687 697 715 Asin.
724 687 794 716 347.
830 701 872 706 -
905 687 964 715 Pro
997 685 1123 722 „inicio“
1155 686 1291 716 Gulielm.
1317 687 1416 722 „niteo

290 736 338 765 et“
365 739 450 772 coni,
476 737 569 776 Gepp.
597 736 750 773 „nitidis“‚
779 738 886 776 Speng.
912 737 976 766 Res.
1001 740 1052 766 aut
1074 735 1174 766 nimio
1197 740 1249 766 aut
1274 735 1415 773 „mult0“.

290 786 536 818 —Munde'tiam
561 790 631 818 olim
655 799 710 817 em.
751 790 850 817 -208.
875 789 949 818 Post
971 785 1104 818 sollicito
1122 789 1221 818 hiatus
1239 790 1268 817 in
1288 789 1415 817 diaeresi.

289 855 330 859 -—
355 841 425 868 209.
452 847 530 869 uxor
552 842 682 878 priorem
707 841 840 878 corripit.
867 854 904 859 -—
930 841 1001 869 210.
1026 838 1110 868 mala
1132 848 1212 869 mers
1236 840 1315 868 Brix.
1340 841 1414 868 Aun.

290 891 362 928 phil.
388 891 424 919 CI
449 901 476 928 p.
503 892 562 919 763
588 894 618 919 et
641 892 739 920 Loew.
764 891 850 920 Anal.
875 901 904 929 p.
931 892 1001 926 204,
1026 901 1052 920 v.
1077 891 1114 919 ad
1139 891 1217 920 Men.
1244 892 1314 920 745.

375 943 445 970 212.
474 946 521 978 „te
539 945 600 970 tam
619 943 735 970 tristem
756 941 837 970 esse“
854 943 916 970 veri
929 943 1068 970 similiter
1080 943 1268 981 transposuit
1279 942 1415 970 Mueller.

288 1008 329 1012 ——-
354 994 424 1021 214.
449 1001 541 1031 quom
565 993 697 1021 Bothius.
729 1008 768 1013 —-
800 995 870 1022 215.
905 991 1030 1022 Enecas
1053 990 1081 1028 Ῑ,
1115 994 1151 1022 cf.
1175 993 1211 1021 ad
1235 993 1318 1022 Asin.
1345 994 1415 1022 392.

289 1059 326 1064 -—
355 1045 426 1073 216.
463 1041 560 1079 Uera,
593 1055 660 1073 nam
684 1045 763 1082 quod
794 1054 839 1073 me
864 1045 954 1074 taedio
977 1045 1033 1074 tibi
1057 1055 1121 1073 esse
1144 1044 1263 1079 dixisti,
1291 1054 1350 1072 non
1373 1047 1417 1072 est

291 1105 401 1124 verum.
426 1110 466 1114 —
494 1092 603 1131 Credo,
626 1097 747 1124 ironice.
779 1111 820 1115 —
851 1097 920 1124 217.
955 1096 1045 1132 „Tum
1075 1105 1129 1133 ego
1158 1096 1215 1124 tibi
1245 1095 1328 1132 lepos
1351 1103 1415 1122 sum

289 1156 376 1184 quam
400 1150 433 1175 tu
456 1146 558 1175 mihi“.
590 1161 624 1166 —
649 1148 718 1175 219.
744 1144 904 1183 (Ietevyere,
929 1157 965 1176 ne
989 1147 1061 1185 quid
1084 1149 1178 1175 restet
1200 1146 1351 1183 unguenti.
1377 1159 1414 1164 —

290 1198 361 1226 220.
399 1194 454 1232 Ut,
480 1209 506 1226 v.
532 1198 569 1226 ad
594 1198 685 1227 Mero.
713 1199 783 1227 702.
831 1196 1022 1232 Mercurius,
1047 1201 1245 1227 mercatorum
1268 1197 1350 1226 deus.
1377 1211 1415 1216 —

290 1249 361 1277 221.
387 1247 491 1277 decent
515 1249 542 1277 te
571 1259 626 1287 pro
657 1254 810 1286 anapaesto
834 1250 982 1287 legantur.
1003 1264 1044 1269 —
1066 1250 1136 1278 222.
1160 1249 1283 1278 senecta
1307 1248 1415 1282 aetate,

289 1311 316 1328 v.
342 1300 378 1328 ad
403 1299 509 1337 Amph.
536 1301 626 1329 1025.
651 1315 692 1320 —
718 1299 886 1338 unquentis
916 1301 1029 1330 unctus
1051 1300 1202 1338 Spengel„
1230 1299 1415 1336 superiores:

292 1349 532 1388 ,‚unguentatus“
559 1361 624 1380 cum
648 1351 741 1380 hiatu]
767 1367 807 1372 —
833 1353 904 1381 223.
937 1349 1010 1381 dedi
1033 1358 1174 1388 operam,
1209 1350 1417 1386 συνωνούμενος,

289 1406 322 1430 ut
350 1403 392 1430 ait
414 1402 636 1439 Theophrastus
659 1402 747 1431 Char.
775 1404 803 1437 2,
827 1413 854 1431 v.
880 1403 1044 1432 Comment.
1067 1412 1150 1431 meus
1173 1412 1201 1440 p.
1227 1403 1266 1430 74
1291 1404 1322 1430 et
1347 1401 1415 1436 169,

290 1453 325 1481 cf.
351 1452 436 1490 capt.
465 1454 533 1482 180.
571 1468 607 1472 —
644 1453 826 1482 commentus
849 1455 918 1483 olim
948 1454 1151 1489 emendatum,
1185 1454 1221 1482 cf.
1247 1453 1317 1481 Cist.
1344 1453 1414 1481 201.

289 1504 395 1532 Bnecb.
427 1505 497 1532 977.
555 1505 662 1534 Pseud.
693 1506 763 1534 692.
794 1506 831 1533 nl.
866 1520 907 1524 —
945 1506 1016 1534 224.
1047 1506 1126 1534 Ante
1159 1503 1192 1533 in
1224 1504 1324 1533 hiatus
1356 1513 1415 1532 non

289 1556 351 1583 veri
380 1556 494 1584 similis.
546 1555 691 1594 Porphyr.
717 1556 754 1584 ad
779 1556 849 1585 Hor.
874 1556 934 1584 Sat.
958 1557 981 1592 Ι,
1007 1557 1034 1590 6,
1062 1557 1116 1585 68:
1156 1556 1225 1592 „ubi
1259 1557 1288 1584 in
1321 1556 1417 1584 lustru

288 1607 408 1634 iacuisti
432 1606 540 1635 mala‘¹.
586 1607 617 1635 Si
643 1606 797 1641 ..iacuisti“
823 1618 925 1637 verum
950 1611 1003 1643 est,
1027 1608 1129 1645 potius
1148 1611 1215 1636 aute
1233 1606 1288 1636 hoc
1306 1606 1416 1635 excidit

288 1666 345 1685 vox
368 1660 402 1685 ut
423 1657 504 1693 ‚‚tu“.
551 1658 595 1686 De
616 1659 784 1687 accusativo
809 1659 846 1687 cf.
870 1658 907 1687 nd
930 1659 1019 1696 Epid.
1047 1659 1116 1687 192.
1140 1673 1180 1678 —
1210 1658 1281 1686 226.
1305 1664 1416 1687 Senum

288 1704 445 1736 hominem
479 1709 618 1747 Spengel.
653 1725 701 1743 —,
737 1711 797 1738 227
832 1710 919 1738 affert
952 1709 1066 1738 Nonius
1099 1720 1129 1747 p.
1167 1710 1224 1738 135
1261 1711 1412 1745 corrupte:

292 1759 396 1794 „Unde
428 1770 458 1787 es
483 1760 580 1788 nihil?
616 1761 665 1788 ubi
697 1761 854 1795 lustretur,
885 1761 924 1788 ibi
955 1759 1107 1789 bunum-‘st
1165 1756 1254 1789 Unde
1282 1756 1342 1793 ἰέἓ,
1377 1759 1413 1788 cf.

289 1811 356 1839 Ter.
387 1810 463 1839 Eun.
496 1813 565 1840 305.
597 1822 686 1849 supra
718 1812 786 1840 195.
826 1826 864 1830 —
898 1811 969 1840 Post
999 1808 1092 1840 nihili
1123 1811 1231 1839 hiatur.
1267 1826 1307 1830 —
1343 1811 1413 1839 228.

288 1861 346 1889 Pro
377 1866 518 1899 corrupto
551 1862 682 1897 „Adesff‘
710 1862 847 1891 Gulielm.
874 1862 926 1898 „Id
951 1861 1026 1898 est“‚
1057 1862 1145 1890 Both.
1176 1862 1252 1890 male
1287 1859 1413 1896 ‚,Ades“.

287 1921 342 1948 ego
384 1910 497 1950 qum’..
541 1929 577 1933 —-
618 1914 722 1951 ruyat.
773 1914 886 1942 Gellius
928 1913 1042 1948 XVIII,
1087 1914 1140 1947 12,
1183 1915 1199 1942 3
1241 1914 1318 1941 inter
1357 1912 1415 1941 alin

289 1964 423 2001 exemplu
459 1966 562 1992 activae
598 1965 698 1993 formae
731 1975 787 2002 pro
816 1966 933 2002 passiva
960 1965 1059 2002 posita
1087 1964 1141 1992 hoc
1169 1973 1287 2001 quoque
1317 1963 1414 1992 Plauti

288 2015 389 2043 affert:
429 2015 525 2050 „Quid
549 2020 594 2043 est
618 2015 692 2044 hoc?
723 2020 810 2052 rugat
835 2016 974 2053 pnllium3
1006 2015 1130 2043 amictus
1158 2024 1216 2043 nou
1246 2024 1310 2043 sum
1334 2024 1412 2043 com-

288 2066 404 2094 mode“.
435 2082 476 2086 -
505 2063 685 2102 infelicent.
717 2077 741 2095 v.
767 2067 803 2094 ad
830 2066 916 2103 Epid.
946 2067 991 2094 14.
1022 2080 1063 2085 —
1093 2066 1164 2094 229.
1194 2065 1267 2094 Post
1293 2063 1415 2102 gruttam

288 2117 386 2146 hiatus
421 2119 449 2145 in
485 2127 605 2146 caesura.
663 2118 746 2153 Quod
778 2119 806 2145 in
836 2117 859 2145 B
888 2117 1019 2145 secunda
1053 2126 1140 2145 manu
1174 2119 1242 2154 post
1279 2113 1410 2151 „meum“
