1596 2478
322 207 377 235 104
831 202 921 228 Plauti
1210 202 1242 234 Π,
1264 204 1286 234 1,
1304 203 1396 234 56-3,
1414 203 1430 228 3

318 297 497 334 Postremo,
521 297 652 338 quando
678 307 785 338 acqua
807 296 877 337 lege
902 297 1037 337 pauperi
1060 306 1133 328 cum
1158 296 1253 328 diuiti

319 351 391 382 Non
416 351 500 384 licet.
524 351 656 392 perdam
682 361 812 391 operam
838 351 946 391 potius
969 361 1066 391 quam
1091 349 1208 382 carebo
1231 350 1308 383 filia.

319 405 382 436 Sed
413 406 484 446 quis
515 405 567 436 hic
597 408 662 441 est,
697 405 750 445 qui
780 409 871 435 recta
894 404 1003 445 platea
1027 414 1153 435 cursum
1178 404 1242 436 huc
1264 404 1431 437 contendit

1027 459 1142 489 suum?

321 512 362 544 Et
391 513 470 544 illud
501 523 604 553 paueo
640 516 672 544 et
701 512 759 543 hoc
789 512 940 544 formido:
975 513 1021 543 ita
1050 515 1118 543 tota
1148 522 1219 543 sum
1249 512 1369 544 misera
1398 512 1430 544 in

1028 569 1126 598 metu.
1380 574 1431 600 860

658 752 874 784 LAMPADIO
921 752 1092 785 SERL'OS.
1372 753 1429 786 DU

318 839 422 870 Anum
447 841 590 870 sectatus
613 849 682 870 sum
707 838 848 869 clamore
872 848 929 878 per
952 838 1035 870 uias.

318 892 542 923 miserrumam
566 891 682 930 habui3
706 897 740 922 at
763 891 858 923 illaec
880 891 977 923 hodie
1000 897 1080 933 quot
1102 893 1207 924 modis

318 945 517 977 Moderatrix
540 945 664 985 linquae
686 946 748 976 fuit
772 949 870 986 atque
893 945 1162 977 inmemorabilis!

319 1000 404 1038 Quot
426 999 472 1031 illi
497 1000 686 1036 blanditias,
710 999 787 1040 quid
811 999 858 1030 illi
883 999 1016 1040 promisi
1041 1000 1132 1032 boni!

319 1052 407 1090 Quot
429 1053 612 1085 admoeniui
636 1051 786 1091 fabricas,
810 1058 889 1094 quot
911 1053 1058 1085 fallacias
1381 1062 1432 1088 365

318 1106 355 1138 In
378 1107 585 1148 quaestione!
631 1107 692 1139 Uix
715 1107 874 1147 exsculpsi
898 1111 935 1138 ut
958 1107 1090 1146 diceret,

319 1160 403 1198 Quia
425 1162 454 1191 ei
478 1162 612 1202 promisi
636 1161 758 1193 dolium
781 1162 849 1193 uini
872 1160 960 1193 dare.

383 1348 694 1381 PHANOSTRATA
718 1349 892 1381 MULIER.
954 1349 1171 1381 LAMPADIO
1196 1348 1368 1382 SERUOS.

691 1408 909 1440 MELAENIS
934 1409 1055 1440 LENA.
1373 1409 1430 1442 DU

735 1494 1016 1526 Phanostrata

320 1548 438 1580 Audire
461 1558 574 1580 uocem
599 1549 671 1580 uisa
694 1559 764 1580 sum
788 1552 864 1580 ante
888 1548 978 1580 aedis
1002 1548 1097 1580 modo
1139 1566 1142 1570 ·

319 1602 380 1633 Mei
405 1602 610 1644 Lampadisci
634 1604 730 1634 serui.

764 1679 983 1720 Lampadio

788 1733 858 1765 Non
882 1733 981 1764 surda
1004 1743 1048 1771 es,
1072 1743 1143 1772 era;

319 1787 419 1818 Recte
443 1787 609 1819 audiuisti.

403 1915 454 1940 358
472 1914 545 1947 leget
629 1915 679 1940 359
697 1914 742 1941 hic
760 1914 852 1941 tendit
869 1914 904 1946 Β,
923 1914 968 1941 hic
987 1914 1110 1941 ostendit
1127 1914 1163 1947 E,
1183 1914 1329 1941 contendit
1346 1914 1367 1940 Ι

319 1961 572 1988 LAMPADISCUS
584 1961 646 1995 BE,
663 1958 897 1999 Lalnpailiscus
907 1962 926 1988 Ι
975 1961 1140 1988 MELENIS
1151 1961 1249 1988 111«le
1259 1961 1365 1988 addunt
1374 1960 1432 1987 ΒΕ

403 2008 451 2035 DU
471 2017 520 2034 om.
542 2010 561 2035 I
634 2010 684 2035 362
703 2009 766 2034 abui
787 2010 804 2035 1
881 2013 910 2035 ut.
988 2011 1037 2035 363
1057 2009 1166 2042 lingum·
1187 2017 1236 2035 om.
1306 2010 1355 2035 364
1375 2007 1431 2041 qui-

319 2052 379 2077 dem
401 2050 430 2078 E
496 2053 545 2077 305
565 2052 696 2078 admonui
715 2052 733 2078 Ι
800 2053 849 2078 367
868 2052 990 2077 madium
1011 2052 1039 2078 E
1095 2050 1348 2078 LAMPADISCUS
1367 2050 1430 2083 ΒΕ,

318 2095 552 2136 Lampadiscus
570 2099 588 2124 Ι
679 2099 841 2125 MELENIS
910 2099 958 2126 DU
978 2099 1049 2126 om.I
1115 2100 1165 2125 368
1184 2100 1286 2124 Audite
1304 2098 1378 2132 Ipr.
1398 2106 1430 2124 m.

399 2146 448 2171 369
467 2145 627 2179 Lampadiei
646 2146 665 2172 I
731 2154 795 2172 uera
812 2145 842 2172 Ε
908 2148 958 2172 370
976 2149 1068 2172 rectae
1086 2144 1133 2172 ΙΕ
1203 2145 1306 2171 audisti
1324 2144 1350 2171 Β
