1596 2478
157 778 411 826 Menaechmorum
444 800 650 835 argumentum
682 797 736 826 hoc
761 799 814 825 est.
860 797 1059 834 Syracusanus
1083 796 1202 834 quidam
1227 806 1276 834 ge-

158 851 249 878 minos
272 849 347 877 filios
370 849 482 884 habuit,
508 849 719 877 Menaechmum
748 851 778 877 et
800 848 951 876 Sosiclem.
1008 847 1120 876 Horum
1151 848 1276 876 alterum

157 910 246 938 quum
270 900 430 928 Tarentum
455 901 491 928 ad
516 903 675 928 mercatum
698 910 796 928 secum
820 899 978 933 eduxisset,
1005 899 1083 927 furto
1102 899 1276 937 subreptum

157 952 269 987 amisit,
304 952 366 989 ipse
395 951 496 980 dolore
520 954 712 989 consumptus
736 951 870 978 moritur.
929 950 1059 978 Alterum
1084 950 1174 978 filium
1199 951 1277 979 domi

158 1003 290 1031 relictum
321 1013 391 1030 avus
422 1003 501 1031 illius
526 1003 642 1031 nomine
664 1002 875 1030 Menaechmum
899 1001 1038 1038 appellat.
1084 1001 1113 1029 Is
1138 999 1278 1038 (Sosicles

157 1064 180 1082 s.
194 1054 390 1082 Menaechmus
402 1052 444 1090 ΙΙ)
468 1057 623 1092 postquam
645 1054 783 1088 adolevit,
808 1053 929 1081 fratrem
951 1053 1087 1080 amissum
1107 1063 1160 1090 per
1178 1062 1278 1081 omnes

157 1109 254 1133 terras
289 1115 421 1143 quaerens
456 1109 522 1143 post
556 1106 660 1140 longos
689 1114 805 1132 errores
836 1104 953 1132 tandem
984 1104 1196 1142 Epidamnum,
1228 1103 1278 1133 ubi

157 1157 249 1184 frater
273 1159 344 1191 erat,
371 1157 533 1191 devehitur,
557 1156 658 1193 ibique
681 1155 845 1183 similitudo
868 1155 1069 1192 gemellorum,
1100 1165 1158 1192 qua
1186 1156 1279 1183 maior

157 1208 239 1236 nulla
261 1208 384 1245 cogitari
406 1210 516 1245 potest,
541 1208 668 1244 primum
691 1217 842 1235 maxumas
859 1207 963 1235 turbas
982 1208 1070 1241 creat,
1095 1209 1158 1234 tum
1177 1205 1276 1242 efficit,

157 1262 190 1287 ut
202 1259 280 1288 inter
296 1269 327 1288 se
347 1261 518 1295 agnoscant.
554 1258 628 1287 Nam
642 1258 839 1286 Menaechmus
852 1258 901 1286 ille
914 1257 1109 1295 Epidamnius
1122 1257 1278 1292 (Menaech-

158 1320 221 1339 mus
233 1308 270 1347 Ι),
295 1320 381 1348 quem
405 1311 506 1339 uxoris
530 1320 594 1339 cum
618 1320 725 1347 magna
749 1309 819 1337 dote
838 1309 933 1338 ductae
951 1310 1008 1337 iam
1027 1309 1128 1344 taedet,
1154 1311 1277 1337 amicam

158 1362 248 1390 habet
259 1362 395 1390 Erotium
409 1363 602 1390 meretricem.
638 1361 674 1389 Ei
691 1361 800 1398 pullam
814 1362 899 1389 uxori
912 1363 1078 1399 surreptam
1092 1359 1179 1388 affert
1190 1371 1277 1398 pran-

159 1413 267 1451 dioque
296 1413 376 1451 apud
405 1423 466 1441 eam
491 1413 627 1441 condicto
650 1423 708 1441 una
732 1423 795 1441 cum
820 1413 953 1450 parasito
976 1412 1012 1440 ad
1037 1411 1132 1440 forum
1156 1411 1276 1449 profici-

158 1466 259 1494 scitur.
305 1465 429 1493 Interim
452 1464 527 1492 alter
545 1464 744 1492 Menaechmus
769 1474 832 1492 cum
854 1464 1038 1492 Messenione
1062 1472 1147 1492 servo
1170 1472 1187 1491 a
1210 1463 1278 1491 navi

158 1517 289 1545 advenit.
345 1516 373 1544 Is
405 1518 434 1543 et
462 1526 478 1544 a
507 1525 601 1553 coquo
625 1515 721 1544 Erotii
751 1519 780 1544 et
809 1515 845 1543 ab
876 1516 940 1553 ipsa
963 1514 1066 1543 Erotio
1095 1525 1151 1552 pro
1186 1515 1278 1543 fratre

158 1567 276 1596 habitus
299 1577 352 1595 nec
375 1567 533 1604 prandium
557 1566 610 1595 sibi
635 1567 765 1595 oblatum
791 1569 968 1603 aspernatur
985 1568 1014 1593 et
1032 1566 1134 1602 praeda
1153 1569 1278 1595 onustus

159 1619 301 1653 discedit,
333 1628 399 1646 nam
429 1619 568 1646 meretrix
597 1618 706 1655 pallam
730 1619 785 1646 sibi
809 1617 923 1653 datam,
953 1620 987 1645 ut
1011 1628 1026 1645 a
1050 1617 1213 1655 phrygione
1237 1627 1279 1645 re-

159 1671 356 1703 concinnetur,
382 1670 408 1697 ei
432 1669 533 1698 tradit.
578 1669 634 1698 Sed
658 1670 787 1698 nondum
811 1670 906 1697 locum
925 1669 1055 1706 reliquit,
1081 1679 1169 1706 quum
1189 1679 1276 1706 para-

159 1722 233 1750 situs
267 1722 396 1750 advenit.
452 1721 480 1749 Is
509 1723 642 1758 graviter
676 1724 812 1758 questus,
847 1720 925 1758 quod
959 1721 1023 1748 sine
1058 1730 1088 1748 se
1121 1721 1278 1758 prandium

158 1773 328 1806 instituerit,
354 1783 444 1810 quum
468 1773 503 1801 ab
527 1773 653 1807 homine,
679 1773 728 1810 qui
752 1782 815 1800 eum
841 1781 1000 1809 numquam
1024 1772 1099 1800 vidit
1117 1769 1278 1809 (Menaech-

158 1834 205 1852 mo
230 1821 277 1859 ΙΙ),
302 1834 367 1852 cum
390 1824 571 1852 contumelia
594 1823 674 1852 abire
698 1823 852 1857 iubeatur,
881 1824 976 1851 iratus
1006 1823 1042 1851 ad
1071 1833 1192 1851 uxorem
1216 1823 1278 1852 Me-

159 1875 282 1904 naechmi
306 1872 346 1912 (Ι)
370 1885 400 1903 se
424 1876 552 1911 confert,
590 1884 712 1912 eamque
744 1878 774 1902 et
804 1874 839 1902 de
868 1875 962 1903 amica
990 1875 1047 1903 viri
1076 1877 1106 1902 et
1134 1874 1169 1902 de
1198 1869 1279 1912 palla

159 1929 297 1964 surrepta
321 1927 478 1955 certiorem
507 1927 586 1954 facit.
643 1926 718 1954 Huic
749 1926 784 1954 ad
810 1926 944 1954 Erotium
975 1927 1163 1964 properanti,
1199 1925 1278 1963 apud

160 1988 246 2015 quam
272 1978 366 2005 virum
390 1987 474 2006 suum
493 1988 523 2005 se
541 1987 750 2015 oppressuram
770 1980 878 2014 sperat,
902 1978 964 2014 ipse
982 1977 1028 2005 vir
1047 1987 1063 2005 a
1081 1977 1145 2005 foro
1163 1977 1279 2005 rediens

159 2029 276 2058 obviam
317 2029 351 2057 fit
391 2031 420 2056 et
454 2029 587 2057 convicio
622 2031 682 2057 tam
717 2030 818 2057 uxoris
852 2039 939 2066 quam
974 2029 1098 2066 parasiti
1132 2028 1278 2062 obruitur,

160 2090 308 2118 quumque
332 2090 406 2108 uxor
429 2083 497 2108 ante
521 2080 629 2115 omnia,
660 2082 694 2108 ut
717 2080 827 2117 pallam
850 2080 906 2108 sibi
927 2080 1042 2115 reddat,
1072 2080 1204 2117 postulet
1227 2089 1280 2107 uec

160 2132 214 2160 nisi
227 2142 260 2160 ea
272 2135 390 2169 recepta
403 2131 521 2160 domum
538 2141 603 2160 eum
621 2132 733 2160 intrare
752 2131 894 2169 patiatur,
913 2131 950 2160 ad
963 2131 1099 2160 Erotium
1119 2140 1278 2160 conversus
