1596 2478
296 160 336 188 24
807 157 895 182 Plauti
1231 157 1254 183 ll
1275 159 1299 189 2,
1318 159 1420 184 55—66

296 251 363 282 Nec
388 252 469 282 satis
493 250 700 288 exaudibam,
725 261 782 282 nec
806 251 962 282 sermonis
985 250 1124 282 fallebar
1147 254 1268 286 tamen,
1369 261 1420 286 240

297 304 387 342 Quae
411 305 629 345 loquerentur⁴

735 357 984 398 Periphanes

669 411 705 442 Id
730 411 842 443 lubido
867 415 918 443 est
942 412 1034 443 sciret

760 470 955 512 Epidicus

1089 524 1138 556 lbi
1161 525 1292 556 illarum
1315 525 1421 557 altera

298 580 389 610 Dixit
412 579 472 617 illi,
496 579 626 619 quicum
651 580 724 620 ipsa
747 578 818 610 ibat
842 596 881 599 —

730 637 983 678 Periphanes

913 691 1023 728 Quid?

758 751 955 791 Epidicus

1016 805 1100 837 Tace
1123 815 1210 844 ergo,
1236 809 1271 836 ut
1293 806 1419 838 audias.

298 859 476 899 Postquam
495 859 582 890 illam
603 862 680 890 sunt
697 860 917 899 conspicatae,
931 869 1029 900 quam
1049 862 1125 890 tuus
1144 863 1263 898 gnatus
1276 859 1420 900 deperit:

299 912 422 951 „Quam
447 913 542 944 facile
567 917 599 943 et
622 923 720 953 quam
745 912 910 943 fortunate
935 913 1044 943 euenit
1068 912 1124 949 illi,
1149 912 1296 951 obsecro,

297 966 434 1004 Mulieri,
452 976 550 1008 quam
571 966 711 997 liberare
730 966 800 998 uolt
818 968 975 998 amator.“
1015 965 1190 1003 „Quisnam
1211 967 1239 997 is
1258 968 1348 998 est?“
1371 976 1421 1001 245

296 1021 406 1060 lnquit
429 1020 535 1051 altera
558 1019 615 1051 illi.
662 1020 711 1051 Ibi
736 1020 792 1052 illa
816 1020 964 1051 nominat
988 1019 1250 1060 Stratippoclem,

299 1074 496 1115 Periphanai
521 1074 630 1105 filium.

730 1126 983 1168 Periphanes

669 1181 754 1212 Perii
779 1181 897 1219 hercle,
921 1181 999 1222 quid
1024 1191 1082 1220 ego
1108 1193 1146 1213 ex
1170 1186 1201 1213 te
1226 1183 1346 1214 audio?

756 1249 953 1290 Epidicus

296 1305 374 1341 1100,
393 1304 480 1344 quod
501 1306 654 1334 actumst.
696 1302 835 1343 Egomet
855 1308 1028 1343 postquam
1048 1303 1079 1334 id
1100 1302 1174 1334 illas
1192 1304 1302 1335 audiui
1322 1304 1421 1345 loqui,

292 1357 393 1398 Coepi
418 1368 547 1389 rursum
573 1367 704 1388 norsum
729 1357 770 1388 ad
795 1357 869 1388 illas
895 1357 1100 1397 pauxillatim
1124 1357 1290 1395 accedere,

295 1411 395 1449 Quasi
421 1411 604 1443 retruderet
630 1411 795 1442 hominum
822 1422 870 1442 me
895 1411 945 1442 uis
969 1411 1118 1442 inuitum.

729 1478 981 1519 Periphanes

1181 1532 1347 1573 Intellego.
1368 1542 1420 1567 250

757 1586 953 1626 Epidicus

293 1641 342 1672 Ibi
362 1640 419 1672 illa
437 1641 659 1681 interrogauit
676 1640 780 1671 illam:
808 1640 888 1679 ..Qui
908 1641 993 1672 scis?
1017 1641 1096 1678 Quis
1115 1640 1147 1672 id
1167 1640 1248 1672 dixit
1262 1641 1362 1672 tibiw‘
1380 1659 1418 1662 —

296 1694 398 1732 „Quia
428 1694 524 1726 hodie
556 1694 687 1726 adlatae
711 1694 853 1726 tabellae
877 1698 952 1726 sunt
975 1695 1016 1726 ad
1041 1705 1112 1726 eam
1136 1705 1156 1726 a
1181 1695 1417 1735 Stratippocle:

294 1749 469 1788 Argentum
495 1749 673 1788 sumpsisse
697 1748 785 1789 apud
810 1748 940 1780 Thebas
965 1748 1005 1779 ab
1030 1749 1162 1780 danista
1187 1748 1334 1787 faenore3

293 1802 330 1833 ld
355 1805 515 1842 paratum,
541 1806 575 1834 et
598 1813 670 1834 sese
695 1802 735 1834 ob
761 1813 832 1834 eam
857 1813 924 1834 rem
948 1802 980 1834 id
1005 1802 1120 1833 ferre.“

363 1920 414 1945 240
432 1920 615 1946 exaudiebam
635 1920 661 1946 A
731 1921 781 1946 242
801 1920 854 1946 ibit
872 1919 899 1946 Β
969 1921 1019 1946 245
1038 1921 1156 1946 liberare
1175 1929 1258 1953 quam
1277 1920 1304 1946 B
1369 1921 1418 1946 246

295 1962 339 1987 illa
358 1970 407 1988 om.
428 1962 462 1994 B,
485 1963 523 1988 illi
543 1965 570 1988 A
719 1962 954 1996 Strathippoclcm
974 1963 1009 1995 A,
1030 1963 1229 1997 Stratippoden
1250 1963 1275 1989 B
1290 1964 1418 1996 prarimo

292 2012 380 2031 versu.
460 2006 510 2030 247
530 2005 650 2031 perifani
670 2005 704 2037 A,
724 2005 875 2039 puriphaue
895 2005 921 2031 Β
1007 2006 1066 2032 Peri
1085 2006 1112 2031 A
1182 2007 1232 2032 248
1250 2015 1305 2039 quo
1325 2010 1417 2033 actum

295 2051 405 2078 ugente(
428 2051 492 2080 pust
512 2048 548 2073 ibi
568 2048 628 2074 illas
647 2047 674 2074 B
764 2049 810 2073 251
833 2048 878 2080 qui
899 2048 925 2073 id
946 2048 971 2073 A
1069 2049 1119 2074 252
1137 2048 1208 2080 Quin
1295 2052 1358 2074 sunt
1378 2052 1418 2074 tn-

295 2089 373 2115 henae
393 2089 427 2121 B,
447 2094 512 2116 sunt
530 2098 578 2116 om.
599 2090 624 2116 A
695 2090 901 2123 Strathippocle
921 2090 954 2122 A,
976 2091 1166 2124 Stratippocle
1186 2099 1248 2117 cum
1268 2090 1293 2116 A
