1561 2473
667 208 697 234 V.
719 208 895 234 1014-1040.
1280 208 1342 237 445

221 306 350 335 addidit:
387 305 465 340 „Alii
497 315 541 333 me
571 315 634 333 esse
665 306 763 338 aiunt,
798 305 849 342 qui
874 314 931 332 non
955 313 1018 332 sum
1043 312 1076 330 ac
1098 311 1202 330 seruos
1225 312 1256 329 se
1279 311 1342 329 esse

221 368 300 386 meos
323 355 459 386 uolunt“.
484 371 525 375 —
553 356 632 384 1022
656 356 755 393 priore
779 355 844 383 loco
868 356 909 383 sic
932 354 1088 382 scribitur:

264 407 319 437 Uel
338 408 386 435 ille
405 408 454 444 qui
474 417 504 435 se
525 412 627 444 petere
642 407 727 435 modo
740 410 895 441 argentum
911 405 997 433 modo
1009 406 1059 442 qui
1073 414 1190 432 seruum
1204 414 1236 432 se
1248 413 1343 432 meum

264 459 336 487 Esse
361 459 457 486 aiebat
481 468 567 495 quem
593 467 647 493 ego
670 458 757 486 modo
781 458 863 485 emisi
889 466 984 484 manu.

222 510 351 545 Quorum
388 518 452 546 quoe
487 509 690 536 additamenta
724 509 827 546 spuria.
856 512 924 536 sunt
953 508 1047 535 altero
1079 508 1144 535 loco
1174 508 1345 544 comparato

222 561 306 590 facile
336 563 540 589 secernuntur.
598 559 684 594 Quod
714 564 811 588 autem
841 560 867 587 h.
893 559 912 587 1.
942 559 1119 596 principium
1151 561 1195 585 est
1227 557 1344 592 „Etiam

222 611 300 647 hic“,
326 613 352 639 ei
376 613 439 640 sine
469 611 558 639 dubio
588 610 803 648 praeferendum
834 613 891 640 est,
928 609 1006 647 quod
1035 609 1096 637 illic
1125 609 1249 644 legitur:
1290 603 1347 637 Uel

223 660 274 691 ille
292 661 360 701 qui,
391 663 500 691 locutio
521 672 589 690 vere
609 661 753 695 Plautina,
775 661 810 689 cf.
837 662 912 696 8593
937 661 1045 697 quibus
1065 660 1144 697 quod
1162 661 1191 687 in
1210 660 1345 696 proximo

224 724 312 742 versu
343 710 380 741 Is
411 714 546 748 additur,
582 723 608 741 v.
640 712 676 740 ad
701 713 782 740 Asin.
809 713 878 740 523.
936 712 1103 748 Langenius
1139 712 1234 738 minus
1267 713 1347 738 recte

228 764 314 803 „qui“
341 766 455 799 01uisit;
491 764 541 792 R.:
580 763 653 799 „Uel
683 764 732 791 ille
756 764 806 800 qui
831 774 860 790 se
885 766 987 800 petere
1011 765 1165 799 argentum
1189 760 1262 795 ait“‚
1298 760 1347 788 ad-

223 818 305 845 scitis
329 817 439 854 spuriis
462 825 515 852 pro
539 815 683 851 genuinis.
708 830 747 834 —
776 815 864 842 1024.
890 810 932 841 Id
953 811 984 841 si
1006 816 1034 841 et
1058 813 1086 841 h.
1106 813 1125 841 1.
1150 812 1171 840 C
1196 816 1225 840 et
1248 813 1348 849 priore

224 869 288 896 loco
317 871 454 904 uterque.
485 881 525 885 —
566 867 654 894 1025.
685 863 736 894 Ne
766 863 830 893 tum
860 865 959 893 Lamb.
991 879 1027 883 —
1068 865 1158 892 1026.
1190 861 1345 898 „aiebant“

224 919 303 947 Cam.
330 929 402 953 em.;
437 915 547 946 dieunt
569 917 654 945 Both.
687 931 722 936 —
753 914 833 944 mira
857 915 939 950 sunt,
970 926 996 943 v.
1021 916 1057 943 ad
1082 915 1187 952 Amph.
1214 915 1283 942 279.
1311 928 1346 932 —

228 972 318 998 1027.
344 969 457 998 Gellius
480 968 592 1003 XVIII,
618 969 646 1001 9,
679 970 712 996 4;
761 967 940 1001 „Varronem
972 976 1089 1004 quoque
1123 975 1238 994 versum
1273 965 1350 993 hunc

224 1021 323 1049 Plauti
355 1021 391 1048 de
416 1020 604 1048 Menaechmis
637 1019 755 1054 „Nihilo
782 1019 875 1045 minus
899 1028 963 1045 esse
987 1017 1106 1046 uidetur
1130 1017 1238 1045 sectius
1262 1025 1350 1052 quam

225 1071 355 1100 somnia*⁴
383 1073 423 1099 sic
455 1081 608 1099 enat-asse:
645 1070 738 1097 nihilo
768 1070 860 1106 magis
890 1068 1040 1096 narranda
1070 1078 1133 1096 esse
1158 1077 1244 1105 quam
1268 1068 1292 1095 si
1316 1077 1350 1094 ea

226 1126 325 1151 essent
349 1121 494 1150 somnia“.
542 1122 625 1150 Unde
649 1120 683 1149 R.
710 1120 832 1148 formam
861 1118 1004 1154 „sectius“
1033 1121 1154 1156 recepit.
1201 1118 1257 1146 Sed
1281 1127 1352 1146 vera

227 1175 313 1202 huius
348 1173 542 1211 comparativi
577 1172 671 1200 forma
699 1169 796 1199 setius
825 1170 945 1198 videtur
973 1170 1117 1206 elonga,
1153 1180 1180 1198 v.
1205 1169 1350 1197 Fleckeis.

227 1225 302 1253 Mus.
328 1224 420 1252 Rhen.
447 1224 515 1251 VIII
539 1234 568 1261 p.
594 1224 651 1251 221
678 1232 752 1259 sqq.,
777 1221 964 1249 Weihrauch.
991 1220 1098 1248 Philol.
1123 1220 1208 1248 XXX
1231 1229 1260 1257 p.
1281 1219 1351 1248 626.

228 1275 316 1313 Corp.
341 1275 416 1303 Insc.
441 1274 507 1303 Lat.
532 1274 560 1311 1,
594 1275 650 1302 198
681 1283 708 1302 v.
735 1274 788 1307 70,
824 1273 881 1300 199
912 1283 937 1300 v.
965 1273 1013 1300 27.
1070 1271 1113 1299 De
1151 1268 1306 1308 „sequius“
1337 1277 1353 1297 e

228 1327 311 1355 brevi
336 1336 362 1355 v.
388 1326 425 1354 ad
442 1326 509 1353 Aul.
530 1326 600 1353 428.
627 1340 666 1344 -
694 1325 783 1352 1029.
808 1320 847 1352 Si
866 1330 1010 1359 [σοῦ-ὅππη
1036 1322 1262 1360 exspectabatur
1286 1331 1352 1349 con-

229 1379 387 1419 iuncti-vus,
412 1387 438 1404 v.
464 1376 563 1405 Madv.
589 1375 639 1404 Gr.
665 1375 732 1403 Lut.
758 1376 817 1403 451
844 1375 871 1402 d.

320 1532 409 1559 1030.
434 1530 594 1566 Postquam
613 1529 810 1557 Menaechmus
830 1528 927 1556 Erotii
946 1527 1023 1556 aedes
1042 1527 1175 1560 intravit,
1201 1535 1237 1554 ex
1260 1525 1355 1554 altera

231 1583 379 1620 proscenii
408 1584 493 1619 parte
523 1580 684 1608 adveniunt
714 1581 807 1608 frater
836 1580 899 1606 eius
923 1578 1126 1615 Syracusanus
1155 1580 1185 1605 et
1207 1576 1354 1605 Messenio

232 1643 344 1662 servus.
369 1647 409 1651 -—
437 1633 526 1660 1032.
552 1638 642 1669 quom
666 1642 718 1659 em.
745 1630 788 1665 R.‚
811 1626 955 1665 ferebant
978 1628 1005 1657 te
1024 1629 1108 1657 Grut.
1129 1643 1169 1647 —
1191 1623 1354 1661 sublimen,

233 1694 260 1712 v.
285 1685 355 1712 973.
380 1698 422 1702 —-
448 1684 537 1711 1034.
563 1680 597 1710 ui
613 1679 784 1719 puynamlo
808 1680 889 1709 Cam.
914 1691 968 1709 em.
995 1695 1025 1698 —
1057 1677 1216 1717 v'nyratiis,
1240 1677 1355 1707 eficas.

237 1736 304 1763 179.
331 1749 368 1753 -
404 1735 494 1762 1035.
524 1731 677 1768 misisti,
707 1743 732 1760 v.
758 1733 794 1760 ad
818 1733 898 1760 Asin.
925 1732 995 1760 604.
1021 1745 1060 1750 —-
1092 1731 1182 1759 1036.
1206 1727 1357 1767 quantum

228 1784 343 1822 potest,
367 1796 393 1813 v.
419 1785 454 1813 ad
475 1784 581 1821 Amph.
603 1784 679 1819 9643
715 1784 769 1812 hoc
792 1784 854 1811 loco
877 1793 942 1811 cum
967 1782 1119 1819 praeterito
1143 1781 1286 1817 iungitur.
1317 1793 1356 1798 —

238 1837 327 1865 1038.
356 1833 439 1873 Quin
462 1835 628 1863 Saraceuus
651 1845 707 1862 em.

324 1887 414 1915 1040.
450 1886 648 1915 Menaechmus
677 1885 889 1923 Epidamniu8‚
925 1884 974 1922 qui
1009 1883 1088 1921 apud
1120 1882 1254 1911 Erotium
1284 1881 1359 1910 nihil

236 1938 342 1974 effecit,
368 1937 455 1965 redit.
500 1938 533 1965 In
557 1937 691 1965 exeundo
715 1937 803 1965 etiam
827 1936 963 1964 Erotium
987 1938 1017 1963 et
1039 1934 1162 1962 ancillas
1185 1933 1357 1970 alloquitur.

238 1989 306 2017 Haec
329 1998 424 2023 scena,
449 1997 513 2025 quae
536 1988 641 2016 ultima
664 1987 771 2016 fabulae
795 1990 847 2022 est,
873 1986 1049 2023 septenariis
1072 1985 1230 2013 trochaicis
1248 1984 1359 2020 scripta

238 2043 299 2074 est,
334 2040 391 2067 nisi
422 2038 501 2076 quod
533 2048 549 2066 a
579 2038 674 2067 tribus
698 2038 859 2066 octonariis
884 2036 1016 2064 iambicis
1039 2035 1157 2074 incipit;
1193 2044 1261 2062 nam
1285 2033 1360 2061 alter

238 2099 357 2128 quoque
380 2090 448 2117 talis
472 2095 533 2123 esi:v
565 2090 626 2117 sive
651 2089 749 2116 hiatur
773 2090 841 2115 ante
864 2084 956 2115 hodie
978 2088 1056 2123 sive,
1080 2090 1113 2114 ut
1136 2084 1293 2123 proposuit
1315 2082 1360 2118 R„

240 2140 345 2179 „hinc·‘
372 2140 502 2169 additur.
555 2139 666 2168 Ritsch.
691 2143 790 2167 tamen
814 2139 997 2176 septenarios
1027 2137 1193 2165 trochaicos
1214 2135 1267 2162 hos
1290 2143 1359 2172 quo-
