1596 2478
286 163 328 191 40
803 158 894 184 maun
1198 157 1246 190 111,
1265 159 1289 190 4,
1307 158 1409 184 39—49

786 251 903 283 Miles

729 306 820 343 Quae
844 310 876 337 te
900 305 1113 346 intemperiae
1138 308 1274 336 tenent?

287 361 376 398 Quas
400 364 437 392 tu
461 360 539 391 mihi
564 360 719 391 tenebras
743 359 872 391 tradis?
917 358 1002 396 Quin
1025 362 1062 390 tu
1086 358 1250 390 fidicinam
1357 367 1408 392 475

288 414 425 445 Produci
449 414 537 445 intus
561 413 675 445 iubes?

718 465 972 507 Periphanes

730 520 822 552 Haec
845 529 922 560 ergo
946 522 996 550 est
1019 519 1159 551 fidicina.

288 575 348 606 Hic
371 575 436 607 alia
458 574 588 606 nullast.

791 626 908 658 Miles

646 681 717 713 Non
742 680 819 712 mihi
843 681 958 721 nugari
982 684 1083 720 potes.

289 737 373 775 Quin
399 740 434 767 tu
460 736 522 767 huc
546 735 700 776 producis
725 734 888 766 fidicinam
914 734 1209 774 Acropolistidem?

726 796 975 837 Periphanes

290 854 390 891 Haec,
414 853 557 893 inquam,
581 855 640 882 est.

793 904 909 935 Miles

629 958 701 990 Non
726 958 817 996 haec,
840 958 984 999 inquam,
1009 961 1065 989 est.
1113 957 1185 990 Non
1208 959 1338 990 nouisse
1363 969 1412 990 me

289 1015 396 1046 Meam
422 1025 493 1046 rere
516 1014 656 1045 amicam
680 1012 797 1054 posse?

727 1075 976 1115 Periphanes

830 1128 932 1166 Hauc,
956 1129 1100 1169 iuquam,
1125 1128 1211 1160 lilius
1363 1138 1414 1162 480

291 1186 383 1217 Meus
406 1185 579 1226 deperibat
602 1184 775 1215 fidicinam.

797 1236 911 1268 Miles

828 1290 918 1321 Haec
943 1301 1004 1321 non
1030 1293 1081 1320 est
1105 1300 1151 1320 ea.

723 1344 981 1384 Periphanes

292 1401 400 1439 Quid?
424 1411 487 1433 non
514 1400 584 1432 est?

794 1450 906 1482 Miles

621 1506 692 1537 Non
716 1509 775 1537 est.

722 1559 977 1599 Periphanes

771 1604 775 1608 λ
830 1612 922 1644 Unde
946 1612 1026 1644 haee
1050 1613 1148 1652 igitur
1172 1613 1315 1652 gentium
1340 1613 1414 1644 est?

291 1668 450 1709 Equidem
476 1668 584 1699 hercle
607 1672 778 1708 argentum
804 1678 862 1707 pro
886 1666 946 1698 hac
971 1666 1056 1697 dedi.

793 1729 909 1761 Miles

1103 1782 1210 1814 Stulte
1234 1782 1345 1814 datum

292 1839 377 1870 Reor
401 1843 434 1870 et.
457 1842 627 1879 peccatum
651 1838 794 1878 largiter.

728 1899 977 1940 Periphanes

830 1953 931 1985 Innno
956 1953 1037 1984 haec
1060 1957 1146 1991 east3

362 2049 409 2073 -174
431 2052 457 2074 te
477 2056 527 2074 om.
547 2047 574 2073 B
679 2049 729 2073 475
748 2047 838 2073 trudis
857 2046 891 2076 B,
912 2047 992 2072 iridis
1013 2046 1037 2071 A
1134 2047 1185 2071 478
1203 2046 1414 2079 cropolietidem

292 2092 342 2117 «iso
364 2099 423 2116 cani
444 2089 471 2116 Β
542 2099 602 2116 csse
622 2091 647 2116 A
718 2091 768 2115 434
788 2093 815 2115 et
833 2097 882 2115 om.
903 2089 928 2114 A
999 2089 1067 2115 haec
1086 2091 1128 2115 est
1146 2088 1172 2113 A
