1596 2478
259 171 320 202 234
770 168 860 195 Plauti
1184 168 1215 200 v,
1233 170 1256 202 9,
1275 169 1377 196 23-85

258 263 340 296 Nam
365 264 426 296 nisi
450 274 500 296 me
523 264 651 295 animus
674 262 768 300 fallit,
793 262 825 294 hi
850 267 926 294 sunt
950 264 1067 304 gemini
1092 264 1237 305 germani
1261 263 1341 302 du03

258 317 339 350 Nam
354 318 492 359 patriam
508 321 540 349 et
553 320 678 358 patrem
692 321 934 350 conmemorant
949 318 1080 358 pariter,
1094 318 1149 359 qui
1168 317 1291 349 fuerint
1305 317 1376 350 sibi.

260 371 430 404 Seuocabo
455 382 555 403 erum.
601 370 820 403 Menaechme.

635 448 879 481 Menaechmi
903 448 1007 480 ambo

828 502 913 541 Quid
937 504 1009 535 uis?

719 573 918 606 Messenio

1055 617 1128 650 Non
1152 617 1265 650 ambos
1288 618 1380 657 uolo;

261 671 325 704 Sed
349 676 422 704 uter
444 676 627 704 nostrorum
651 674 702 703 est
726 671 884 703 aduectus
909 681 1034 704 mecum
1058 672 1155 704 naui?

660 747 946 781 Menaechmus
971 748 984 779 I

1126 791 1198 824 Non
1221 802 1289 833 ego.
1317 801 1381 827 1065

650 851 934 884 Menaechmus
956 851 992 883 ΙΙ

262 895 304 926 At
327 905 396 936 ego.

728 954 930 986 Messenio

414 1007 458 1040 Te
482 1008 558 1040 uolo
583 1009 689 1048 igitur.
736 1007 808 1040 Huc
831 1008 982 1040 concede.

650 1084 933 1117 Menaechmus
956 1084 993 1116 11

993 1137 1154 1171 concessi.
1200 1138 1284 1178 Quid
1310 1139 1381 1172 est?
1396 1140 1402 1146 '

721 1199 752 1230 Μ
762 1209 778 1231 e
787 1209 802 1231 s
811 1209 825 1231 s
835 1209 850 1230 e
859 1210 879 1230 n
888 1199 897 1230 i
906 1210 924 1231 ο

262 1253 334 1286 Illic
356 1253 452 1285 homo
476 1256 534 1285 aut
556 1255 601 1284 est
623 1253 825 1294 sycophanta
849 1256 906 1284 aut
929 1253 1075 1293 geminus
1099 1255 1151 1284 est
1167 1251 1269 1284 frater
1288 1256 1380 1292 tuus;

262 1307 343 1339 Nam
357 1318 415 1348 ego
429 1307 592 1339 hominem
605 1307 744 1339 hominis
758 1307 947 1339 similiorem
960 1316 1138 1347 numquam
1151 1307 1220 1338 uidi
1232 1307 1382 1346 alterum,

262 1361 375 1403 Neque
393 1371 480 1402 aqua
499 1371 603 1402 aquae
622 1371 725 1402 neque
743 1361 828 1393 lacte
847 1365 896 1393 est
913 1360 1019 1398 lactis,
1034 1360 1130 1392 crede
1145 1360 1231 1398 mihi,
1245 1371 1383 1402 usquam

979 1414 1126 1452 similius,

263 1469 367 1508 Quam
386 1469 438 1500 hic
456 1469 503 1501 tui
522 1472 582 1506 est,
601 1474 700 1510 tuque
713 1468 807 1501 huius
820 1471 942 1507 autem3
969 1472 1062 1509 poste
1081 1469 1217 1501 eandem
1241 1469 1381 1510 patriam

978 1532 1016 1554 ac
1040 1527 1165 1564 patrem
1318 1532 1384 1558 1070

263 1577 433 1609 Memorat.
479 1577 610 1609 Meliust
633 1587 691 1609 nos
715 1577 806 1608 adire
829 1576 917 1608 hunc
939 1580 1038 1617 atque
1062 1578 1297 1618 percontarier.

651 1653 933 1685 Menaechmus
958 1652 994 1684 11

264 1708 381 1740 Hercle
405 1708 459 1750 qui
484 1712 519 1740 tu
545 1719 593 1740 me
617 1707 816 1740 admonuisti
840 1710 929 1739 recte
953 1711 986 1739 et
1009 1707 1113 1740 habeo
1137 1709 1287 1748 gratiam.

263 1762 364 1803 Perge
389 1772 519 1803 operam
544 1762 632 1799 dare,
657 1761 790 1794 obsecro
815 1761 931 1794 hercle.
982 1761 1078 1793 Liber
1101 1764 1182 1800 esto,
1207 1762 1233 1793 si
1257 1762 1385 1794 iuuenis

265 1816 358 1848 Hunc
382 1827 488 1848 meum
512 1816 647 1848 fratrem
672 1826 752 1848 esse.

336 1935 399 1961 1062
418 1935 538 1968 gemiuei
557 1934 591 1962 Β.
611 1935 703 1968 gemui
725 1934 747 1961 0
818 1936 880 1961 1063
900 1937 928 1960 et
948 1937 1054 1967 patrem
1075 1937 1103 1960 ei,
1123 1938 1238 1961 matrem
1307 1943 1382 1962 com-

265 1980 373 2004 morant
392 1977 414 2004 C
482 1986 534 2010 que
553 1976 580 2004 Β
652 1978 716 2004 1064
736 1976 890 2004 MESSEN.
910 1978 998 2004 nfibos
1021 1977 1043 2004 C
1113 1978 1177 2003 1085
1196 1982 1322 2004 nostrum
1342 1981 1385 2004 est

267 2021 332 2046 1066
351 2020 423 2046 hunc
444 2019 465 2046 Ο
544 2021 608 2046 1067
627 2023 675 2046 aut
694 2019 858 2053 sicophanta
937 2021 1001 2046 1053
1020 2020 1125 2046 homini
1205 2021 1269 2046 1069
1288 2019 1344 2047 Nec
1365 2019 1386 2047 G

334 2070 384 2089 nec
405 2062 427 2089 Ο
477 2062 541 2088 lacti
611 2063 675 2088 1070
693 2066 790 2096 postea
860 2063 922 2088 1071
944 2062 1043 2088 melius
1065 2065 1106 2089 est
1126 2062 1159 2094 Β,
1179 2062 1277 2089 melius
1297 2062 1319 2090 Ο

266 2109 349 2139 atque
369 2105 441 2132 hunc
516 2106 580 2131 1072
599 2106 664 2139 quin
686 2105 708 2132 C
