1596 2478
125 191 173 223 lv,
192 193 216 225 3,
237 193 336 218 12—22
602 191 784 218 Mostellaria.
1188 195 1244 224 141

631 285 738 317 Simo

688 339 826 370 Promisi
850 338 949 370 foras.

124 393 172 424 Ad
197 403 309 424 cenam
333 403 373 424 ne
398 404 448 424 me
472 396 504 424 te
528 403 646 424 uocare
670 403 812 424 censeas

534 463 840 504 Theopropides

123 517 218 549 Haud
244 517 374 558 postulo
398 517 524 558 edepol.

631 576 736 608 Simo

576 630 696 662 Uerum
722 640 804 669 cram,
830 632 893 662 nisi
916 632 988 671 quis
1011 632 1102 672 prius

123 684 301 716 erauerit
323 695 383 721 me,
406 684 459 715 uel
483 685 571 725 apud
594 688 628 716 te
651 695 820 716 cenauero.

534 755 846 796 Theopropides

122 809 170 840 Ne
194 810 278 840 istuc
301 809 434 850 quidem
459 809 575 850 edepol
600 809 742 850 postulo.
788 809 859 841 Nisi
884 811 961 851 quid
986 812 1087 847 magis
1198 820 1249 845 990

124 863 168 894 Es
192 866 380 904 occupatus,
405 874 537 904 operam
561 863 639 894 mihi
664 863 716 894 da.

633 933 738 966 Simo

764 988 923 1019 Maxume.

533 1059 840 1100 Theopropides

123 1113 230 1144 Minas
254 1114 475 1154 quadraginta
500 1114 668 1153 accepisti,
692 1113 781 1154 quod
803 1114 914 1151 sciam,

122 1168 149 1198 A
173 1167 404 1199 Philolachete.

632 1226 737 1259 Simo

458 1281 646 1322 Numquam
670 1293 846 1317 nummum,
872 1283 959 1323 quod
984 1283 1094 1314 sciam.

535 1351 839 1394 Theopropides

126 1405 220 1444 Quid,
243 1416 263 1437 a
286 1406 448 1438 Tranione
472 1407 591 1438 seruo?

631 1466 736 1498 Simo

643 1521 747 1552 Multo
770 1520 869 1552 hercle
891 1521 925 1552 id
949 1521 1066 1553 minus.

535 1591 848 1632 Theopropides

127 1644 217 1682 Quas
240 1644 394 1676 arraboni
416 1645 478 1677 tibi
501 1646 614 1677 dedit?

637 1705 741 1738 Simo

655 1759 740 1797 Quid
764 1760 929 1792 somnias?
1202 1770 1252 1795 995

537 1830 845 1872 Theopropides

127 1884 259 1924 Egone?
305 1885 347 1915 At
370 1884 502 1925 quidem
527 1888 572 1920 tu,
597 1885 653 1925 qui
676 1885 761 1916 istoc
783 1888 817 1916 te
840 1895 955 1926 speras
980 1885 1076 1916 modo

195 2003 245 2029 986
264 2002 306 2028 SI.
325 2010 375 2028 om.
484 2003 535 2028 987
554 2007 600 2029 tue
705 2003 755 2029 988
774 2004 814 2029 SI.
834 2003 914 2029 Haud
933 2003 1052 2036 postulo.
1072 2002 1130 2029 ΤΗ.
1150 2003 1250 2037 edepol

129 2053 223 2071 uerum
243 2044 271 2071 Β
341 2045 403 2078 quis
421 2053 471 2072 om.
542 2047 593 2072 990
611 2046 663 2072 iste
733 2047 780 2072 991
804 2046 843 2072 SI.
863 2054 913 2073 om.
983 2047 1034 2072 992
1052 2046 1172 2078 triginta

128 2088 274 2121 accepistis
293 2087 320 2114 Β
398 2097 467 2122 quas
486 2089 571 2114 sciam
590 2088 627 2120 Β,
648 2090 788 2122 quasciam
810 2089 832 2115 Ο
913 2090 962 2115 993
981 2097 1103 2122 nuquam
1123 2098 1208 2115 numu
1226 2089 1254 2115 B

128 2131 178 2156 994
197 2131 291 2157 hercle
309 2139 358 2157 om.
379 2131 408 2163 G,
428 2132 536 2157 lacunae
553 2131 675 2164 spatium
693 2131 720 2158 B
790 2132 840 2157 996
861 2131 900 2157 SI.
920 2134 950 2157 at
1020 2139 1115 2165 speras
1135 2134 1162 2158 te
1181 2132 1208 2157 A
