1596 2478
594 186 623 210 V.
642 187 784 212 594—680.
1191 188 1229 217 34
1238 190 1248 216 l

129 285 200 312 bunt
223 283 281 311 ulia
304 292 406 310 versus
429 292 518 310 causa
541 283 654 311 addita.
674 297 714 302 —-
735 283 805 311 617.
831 282 887 311 Pro
911 279 1002 320 quasi
1024 281 1144 310 Servius
1167 291 1251 317 „ceu-

126 332 208 363 ίιιιιιιιι
223 334 336 371 legerat
355 334 427 362 locis
446 333 483 361 ad
503 334 560 361 631
584 334 723 362 laudatis
738 348 779 352 —
793 334 863 362 618.
888 330 930 368 id,
950 344 975 361 v.
990 333 1025 361 ad
1041 333 1144 361 Bacch.
1162 333 1250 361 1026.

128 384 324 414 Personarum
359 385 478 412 uomina
512 396 528 413 a
557 385 680 412 librario
710 388 879 422 permutata
910 387 987 413 suut.
1053 380 1186 412 Paulum
1220 381 1255 411 id

127 433 282 473 quidemst
303 435 526 473 Theopropides
551 435 622 464 dicit
646 437 763 464 ironice.
821 435 987 470 Acidalius,
1019 438 1051 463 ut
1081 435 1126 463 hic
1152 444 1252 463 versus

128 497 193 516 cum
216 488 350 524 proximo
374 485 462 523 (612)
494 488 673 521 conveniret,
707 487 778 514 duas
802 496 905 515 versus
929 490 1029 525 partes
1053 486 1251 524 permutavit:

131 538 212 574 „Tr-1.
235 538 359 566 Paulum
384 538 414 565 id
438 538 555 575 quidem
580 541 634 565 est.
671 538 733 566 DA.
757 537 800 566 Ne
821 548 889 565 :mue
910 537 937 565 id
957 537 1082 565 multum
1101 535 1252 565 censeas“.

127 590 250 618 Secutus
274 592 320 617 est
343 589 376 617 R.
409 603 445 608 -
470 589 552 622 ,Mirr
576 588 741 617 Freundius
772 590 801 617 in
825 589 881 617 lex.
908 589 950 616 ait
974 588 1028 617 hoc
1052 588 1115 617 loco
1139 587 1254 626 faenus

127 645 234 670 sortem
264 640 449 676 siguificare,
484 640 513 667 id
543 640 621 677 quod
653 649 809 677 numquam
835 640 897 667 fieri
922 642 1038 677 potest3
1075 639 1152 677 apud
1177 639 1252 667 Pliu.

129 692 163 720 H.
188 691 223 719 N.
247 691 289 726 II,
322 692 375 726 63,
409 693 465 720 155
497 691 683 719 scribendum
714 693 760 718 est
791 691 914 725 „crediti
938 690 1070 718 faeuus“.
1105 704 1147 709 --
1181 691 1253 718 619.

126 739 228 778 Adeo,
264 752 290 770 v.
323 742 359 770 ad
389 742 495 780 Amph.
526 743 595 770 671.
660 739 812 770 creditum
846 742 890 769 ed.
922 751 965 778 pr.
997 741 1114 769 Mutato
1149 741 1253 769 ordine

131 794 251 829 „faenus
280 793 423 822 creditum
458 792 591 830 argeuti⁴⁴
625 793 668 829 R.‚
705 803 762 830 quo
791 793 868 821 facto
901 802 1002 820 versus
1032 793 1061 820 iu
1093 792 1254 820 diiambum

128 855 184 873 uon
209 846 278 873 exit.
304 859 344 864 -——
375 844 516 882 Sequitur
540 845 569 872 iu
593 844 677 872 codd.
702 853 804 872 versus
829 844 903 872 638:
944 840 1097 880 Quattuor
1120 841 1254 880 quadra-

125 895 215 934 9z'nta
238 893 287 925 illi
310 893 458 924 debentur
481 893 584 924 minae
615 892 660 932 (C.
685 893 803 931 immo),
839 896 889 933 qui
919 905 1007 932 quum
1039 905 1092 932 per
1120 905 1151 923 se
1179 895 1255 923 nihil

127 948 299 977 offensionis
323 947 439 981 habent,
464 950 562 975 tamen
587 957 692 985 parum
711 947 772 974 veri
793 946 888 974 simile
908 949 952 975 est
971 945 1110 975 Plautum
1129 946 1254 975 eundem

128 1009 243 1028 versum
273 999 431 1036 repetisse,
467 1002 496 1027 et
526 999 715 1027 intervallum
747 998 932 1035 computanti
961 998 1011 1025 vix
1040 997 1163 1026 dubium
1192 1007 1255 1025 esse

128 1053 239 1088 potest,
274 1052 346 1087 quin
380 1050 426 1078 hic
461 1051 575 1088 primus
609 1059 710 1077 versus
745 1049 834 1076 fuerit
868 1049 984 1086 paginae
1020 1048 1129 1084 alterae,
1167 1058 1254 1085 quem

128 1102 268 1130 librarius
292 1111 381 1138 quum
405 1101 480 1129 male
505 1102 714 1138 anticipasset,
749 1109 878 1128 errorem
907 1100 1009 1128 statim
1034 1099 1255 1135 animadvertit,

127 1156 160 1182 ut
189 1163 277 1191 supra
305 1156 373 1190 post
397 1153 468 1181 402.
533 1152 711 1180 Ritschelius
740 1151 845 1179 maluit
873 1161 919 1180 vv.
946 1151 1091 1179 638—40
1121 1151 1178 1179 huc
1207 1160 1254 1179 re-

128 1204 256 1233 trahere.
304 1219 331 1222 —
369 1204 438 1232 620.
480 1200 568 1238 dare,
605 1213 649 1231 me
679 1203 834 1237 daturum,
870 1212 897 1230 v.
929 1202 966 1230 ad
995 1203 1078 1231 Asin.
1106 1202 1177 1231 439.
1213 1215 1255 1220 -·

129 1256 199 1285 626.
232 1252 396 1284 Patrissat
417 1254 529 1283 Camer.
555 1265 620 1289 em.,
650 1256 669 1282 i.
694 1264 718 1282 e.
743 1256 859 1291 putrem
884 1253 1055 1289 aemulatur,
1086 1253 1121 1281 cf.
1147 1253 1252 1282 Pseud.

129 1308 200 1336 442.
236 1307 303 1335 Ter.
328 1307 382 1335 Ad.
405 1307 479 1335 564:
508 1306 643 1341 „Laud03
669 1304 817 1343 Ctesipho,
841 1303 1016 1342 patrissas“.
1063 1304 1165 1333 Graeca
1187 1314 1253 1339 vox,

129 1371 155 1388 v.
170 1359 313 1387 Priscian.
327 1358 339 1386 I
352 1368 381 1395 p.
397 1358 466 1386 252.
515 1357 626 1385 Polluc.
639 1356 692 1391 ΠΙ,
721 1357 773 1384 lO:
798 1356 952 1392 πατριάζειν
969 1367 993 1383 τι
1011 1355 1103 1394 ἔλεγον
1114 1358 1255 1390 ,Ἀθηναῖοι

128 1411 159 1438 τὸ
181 1410 306 1447 πράττειν
328 1420 352 1436 τι
375 1412 403 1437 ἐκ
432 1411 484 1436 τῶν
512 1410 633 1445 πατρίων
661 1408 741 1435 ἐθῶν·
797 1407 971 1435 Formatum
1002 1409 1036 1435 ut
1067 1404 1252 1443 „cyathisso“

129 1461 208 1490 Men.
227 1462 297 1490 301.
326 1475 362 1480 -—
388 1458 530 1494 uertitur,
557 1462 700 1494 versatur,
725 1459 760 1486 οἳ.
782 1458 871 1487 Mero.
893 1458 966 1486 121:
1000 1468 1065 1493 „res
1088 1458 1119 1486 in
1142 1458 1254 1495 periclo

128 1510 291 1542 uortitur“.
338 1512 407 1540 Haec
424 1521 512 1540 senex
530 1521 644 1546 secu1n3
669 1510 776 1538 deinde
794 1519 959 1538 sermonem
979 1519 1044 1538 cum
1057 1519 1142 1538 servo
1155 1519 1255 1547 perse-

130 1565 240 1602 quitur.
271 1578 312 1582 -
342 1564 413 1591 627.
448 1559 654 1599 quoiusmodi,
689 1571 776 1599 quam
799 1561 960 1598 praeclarae.
990 1575 1030 1580 -—
1063 1561 1132 1589 629.
1168 1557 1256 1589 Nam

130 1616 343 1652 interrogantis
378 1618 431 1642 est.
487 1613 644 1641 Traniouis
679 1622 784 1641 nomm
819 1612 886 1640 add.
923 1612 967 1640 ed.
1000 1622 1044 1649 pr.
1105 1607 1256 1648 „Speculo

129 1663 248 1695 claras“
276 1667 318 1693 ait
342 1665 506 1695 Turnebus,
534 1666 596 1700 „ita
619 1665 713 1692 claras
736 1666 858 1700 tamque
881 1664 974 1699 polita
998 1665 1027 1691 et
1050 1662 1146 1691 nitida
1170 1663 1253 1697 facie,

130 1721 162 1746 ut
186 1727 249 1745 cum
274 1726 392 1754 aequore
417 1719 446 1744 et
469 1716 595 1754 planicie
618 1715 730 1754 speculi
753 1715 869 1752 possint
888 1715 1056 1751 comparari
1076 1714 1122 1742 vel
1140 1716 1173 1742 ut
1190 1714 1256 1742 loco

130 1769 241 1806 speculi
266 1778 328 1796 esse
350 1765 497 1806 possiut“.
554 1766 584 1795 Si
614 1767 763 1804 scripturn
786 1775 859 1794 sana
882 1768 939 1800 est,
975 1762 1099 1801 speculo
1123 1765 1256 1793 dativum

130 1830 193 1849 esse
216 1819 402 1854 crediderim,
427 1822 461 1847 ut
486 1821 662 1855 „argentum
686 1815 817 1846 faenori“
839 1826 865 1844 v.
886 1817 956 1845 521.
1002 1816 1087 1845 Ellis.
1110 1816 1256 1853 „speculi-

131 1871 241 1900 claras⁴⁴
259 1871 332 1898 coni.
380 1870 558 1898 Ritschelius
577 1869 739 1898 ablativum
758 1868 988 1906 comparationIS
1008 1877 1072 1896 esse
1092 1867 1256 1896 arbitratus

131 1922 275 1951 excidisse
298 1920 433 1959 quaedam
457 1922 571 1955 statuit,
596 1921 692 1949 velut:

194 1973 256 2001 TH.
281 1972 354 2000 Nam
380 1971 451 2010 quid
476 1971 539 2000 ita?
564 1967 639 2009 [TR.
664 1971 721 1999 Cor
744 1970 798 1999 tibi
823 1969 1040 1998 exsultaturum
1065 1969 1213 1998 arbitror:

198 2023 294 2059 Magis
318 2019 430 2060 hercle]
455 2023 575 2060 speculo
600 2023 694 2050 claras
718 2024 787 2050 cett.

132 2075 202 2103 Mox
224 2073 339 2102 Camer.
356 2072 548 2111 ,‚clarorem“‚
573 2075 677 2109 ignota.
695 2082 780 2106 voce;
803 2071 988 2110 probabilius
1006 2071 1144 2108 Spengel.
1159 2070 1256 2098 Plaut.

130 2135 159 2164 p.
185 2126 224 2154 48
248 2121 420 2160 candorem,
446 2124 481 2153 cf.
499 2123 579 2152 Men.
596 2124 665 2153 181.
686 2139 727 2143 --
752 2123 822 2152 630.
849 2119 960 2161 quanti
981 2119 1137 2150 destinat?
1162 2131 1255 2160 quan-
