<?xml version="1.0" encoding="UTF-8"?>
<!DOCTYPE html PUBLIC "-//W3C//DTD XHTML 1.0 Transitional//EN"
    "http://www.w3.org/TR/xhtml1/DTD/xhtml1-transitional.dtd">
<html xmlns="http://www.w3.org/1999/xhtml" xml:lang="en" lang="en">
 <head>
  <title>
</title>
<meta http-equiv="Content-Type" content="text/html;charset=utf-8" />
  <meta name='ocr-system' content='tesseract 3.04.00' />
  <meta name='ocr-capabilities' content='ocr_page ocr_carea ocr_par ocr_line ocrx_word'/>
</head>
<body>
  <div class='ocr_page' id='page_1' title='image "./comoediaerecensu03plauuoft_0253.png"; bbox 0 0 1596 2478; ppageno 0'>
   <div class='ocr_carea' id='block_1_1' title="bbox 159 181 788 216">
    <p class='ocr_par' dir='ltr' id='par_1_1' title="bbox 159 181 788 216">
     <span class='ocr_line' id='line_1_1' title="bbox 159 181 788 216; baseline 0 -9"><span class='ocrx_word' id='word_1_1' title='bbox 159 181 209 211; x_wconf 82' lang='lat'>111.</span> <span class='ocrx_word' id='word_1_2' title='bbox 229 183 252 214; x_wconf 83' lang='lat'>3,</span> <span class='ocrx_word' id='word_1_3' title='bbox 271 183 355 208; x_wconf 79' lang='lat'>7—24</span> <span class='ocrx_word' id='word_1_4' title='bbox 648 183 788 216; x_wconf 68' lang='lat' dir='ltr'>Epidicus.</span> 
     </span>
    </p>
   </div>
   <div class='ocr_carea' id='block_1_2' title="bbox 157 275 1118 908">
    <p class='ocr_par' dir='ltr' id='par_1_2' title="bbox 157 275 1118 908">
     <span class='ocr_line' id='line_1_2' title="bbox 159 275 925 316; baseline 0.003 -11"><span class='ocrx_word' id='word_1_5' title='bbox 159 275 218 306; x_wconf 78' lang='lat' dir='ltr'>Uel</span> <span class='ocrx_word' id='word_1_6' title='bbox 242 286 312 314; x_wconf 75' lang='lat' dir='ltr'>ego.</span> <span class='ocrx_word' id='word_1_7' title='bbox 337 276 390 316; x_wconf 88' lang='lat' dir='ltr'>qui</span> <span class='ocrx_word' id='word_1_8' title='bbox 415 275 536 306; x_wconf 78' lang='lat' dir='ltr'>(ludum</span> <span class='ocrx_word' id='word_1_9' title='bbox 560 275 605 306; x_wconf 86' lang='lat' dir='ltr'>fili</span> <span class='ocrx_word' id='word_1_10' title='bbox 630 285 731 307; x_wconf 85' lang='lat' dir='ltr'>causa</span> <span class='ocrx_word' id='word_1_11' title='bbox 755 286 925 316; x_wconf 76' lang='lat' dir='ltr'>coeperam</span> 
     </span>
     <span class='ocr_line' id='line_1_3' title="bbox 159 328 1039 370; baseline 0.005 -12"><span class='ocrx_word' id='word_1_12' title='bbox 159 328 289 367; x_wconf 78' lang='lat' dir='ltr'><strong><em>Egomet</em></strong></span> <span class='ocrx_word' id='word_1_13' title='bbox 312 340 360 359; x_wconf 81' lang='lat' dir='ltr'>nie</span> <span class='ocrx_word' id='word_1_14' title='bbox 385 329 572 360; x_wconf 79' lang='lat' dir='ltr'>excruciare</span> <span class='ocrx_word' id='word_1_15' title='bbox 597 329 706 366; x_wconf 80' lang='lat' dir='ltr'>animi,</span> <span class='ocrx_word' id='word_1_16' title='bbox 733 330 826 370; x_wconf 85' lang='lat' dir='ltr'><strong>quasi</strong></span> <span class='ocrx_word' id='word_1_17' title='bbox 851 330 929 370; x_wconf 88' lang='lat' dir='ltr'>quid</span> <span class='ocrx_word' id='word_1_18' title='bbox 953 330 1039 362; x_wconf 83' lang='lat' dir='ltr'>filius</span> 
     </span>
     <span class='ocr_line' id='line_1_4' title="bbox 158 381 1118 425; baseline 0.002 -12"><span class='ocrx_word' id='word_1_19' title='bbox 158 381 251 413; x_wconf 85' lang='lat' dir='ltr'>Meus</span> <span class='ocrx_word' id='word_1_20' title='bbox 275 381 468 422; x_wconf 80' lang='lat' dir='ltr'>deliquisset</span> <span class='ocrx_word' id='word_1_21' title='bbox 492 393 541 413; x_wconf 85' lang='lat' dir='ltr'>mo</span> <span class='ocrx_word' id='word_1_22' title='bbox 565 392 651 423; x_wconf 74' lang='lat' dir='ltr'>erga,</span> <span class='ocrx_word' id='word_1_23' title='bbox 677 386 734 414; x_wconf 83' lang='lat' dir='ltr'>aut</span> <span class='ocrx_word' id='word_1_24' title='bbox 757 384 853 422; x_wconf 86' lang='lat' dir='ltr'>quasi</span> <span class='ocrx_word' id='word_1_25' title='bbox 878 394 942 415; x_wconf 91' lang='lat' dir='ltr'>non</span> <span class='ocrx_word' id='word_1_26' title='bbox 967 384 1118 425; x_wconf 86' lang='lat' dir='ltr'>pluruma</span> 
     </span>
     <span class='ocr_line' id='line_1_5' title="bbox 157 435 1007 469; baseline 0.002 -3"><span class='ocrx_word' id='word_1_27' title='bbox 157 435 334 467; x_wconf 80' lang='lat' dir='ltr'>Malefacta</span> <span class='ocrx_word' id='word_1_28' title='bbox 355 446 429 468; x_wconf 86' lang='lat' dir='ltr'>mea</span> <span class='ocrx_word' id='word_1_29' title='bbox 451 439 562 468; x_wconf 83' lang='lat' dir='ltr'>essent</span> <span class='ocrx_word' id='word_1_30' title='bbox 585 436 692 467; x_wconf 83' lang='lat' dir='ltr'>solida</span> <span class='ocrx_word' id='word_1_31' title='bbox 713 437 746 467; x_wconf 90' lang='lat' dir='ltr'>in</span> <span class='ocrx_word' id='word_1_32' title='bbox 771 436 1007 469; x_wconf 79' lang='lat' dir='ltr'>adulescentia.</span> 
     </span>
     <span class='ocr_line' id='line_1_6' title="bbox 159 489 828 522; baseline 0.001 -2"><span class='ocrx_word' id='word_1_33' title='bbox 159 489 308 520; x_wconf 81' lang='lat' dir='ltr'><strong>Profecto</strong></span> <span class='ocrx_word' id='word_1_34' title='bbox 333 489 510 521; x_wconf 81' lang='lat' dir='ltr'>deliramus</span> <span class='ocrx_word' id='word_1_35' title='bbox 533 489 698 521; x_wconf 80' lang='lat' dir='ltr'>interdum</span> <span class='ocrx_word' id='word_1_36' title='bbox 724 500 828 522; x_wconf 83' lang='lat' dir='ltr'>senes.</span> 
     </span>
     <span class='ocr_line' id='line_1_7' title="bbox 159 542 1034 585; baseline 0.002 -11"><span class='ocrx_word' id='word_1_37' title='bbox 159 542 250 583; x_wconf 77' lang='lat' dir='ltr'>[Fuit</span> <span class='ocrx_word' id='word_1_38' title='bbox 273 543 480 575; x_wconf 86' lang='lat' dir='ltr'>conducibile</span> <span class='ocrx_word' id='word_1_39' title='bbox 504 543 565 575; x_wconf 92' lang='lat' dir='ltr'>hoc</span> <span class='ocrx_word' id='word_1_40' title='bbox 589 543 722 584; x_wconf 85' lang='lat' dir='ltr'>quidem</span> <span class='ocrx_word' id='word_1_41' title='bbox 746 554 820 575; x_wconf 84' lang='lat' dir='ltr'>mea</span> <span class='ocrx_word' id='word_1_42' title='bbox 844 544 1034 585; x_wconf 73' lang='lat' dir='ltr'>sententia]</span> 
     </span>
     <span class='ocr_line' id='line_1_8' title="bbox 157 597 990 638; baseline 0.001 -10"><span class='ocrx_word' id='word_1_43' title='bbox 157 597 220 628; x_wconf 85' lang='lat' dir='ltr'>Sed</span> <span class='ocrx_word' id='word_1_44' title='bbox 246 608 334 628; x_wconf 83' lang='lat' dir='ltr'>meus</span> <span class='ocrx_word' id='word_1_45' title='bbox 359 597 482 629; x_wconf 85' lang='lat' dir='ltr'>sodalis</span> <span class='ocrx_word' id='word_1_46' title='bbox 506 598 532 629; x_wconf 80' lang='lat' dir='ltr'>it</span> <span class='ocrx_word' id='word_1_47' title='bbox 555 607 627 629; x_wconf 90' lang='lat' dir='ltr'>cum</span> <span class='ocrx_word' id='word_1_48' title='bbox 652 598 776 638; x_wconf 87' lang='lat' dir='ltr'>praeda</span> <span class='ocrx_word' id='word_1_49' title='bbox 798 598 990 638; x_wconf 79' lang='lat' dir='ltr'>Apoecides.</span> 
     </span>
     <span class='ocr_line' id='line_1_9' title="bbox 158 650 823 692; baseline 0.002 -10"><span class='ocrx_word' id='word_1_50' title='bbox 158 650 275 682; x_wconf 86' lang='lat' dir='ltr'>Uenire</span> <span class='ocrx_word' id='word_1_51' title='bbox 299 651 425 683; x_wconf 85' lang='lat' dir='ltr'>saluom</span> <span class='ocrx_word' id='word_1_52' title='bbox 448 656 662 684; x_wconf 83' lang='lat' dir='ltr'>mercatorem</span> <span class='ocrx_word' id='word_1_53' title='bbox 686 651 823 692; x_wconf 83' lang='lat' dir='ltr'>gaudeo.</span> 
     </span>
     <span class='ocr_line' id='line_1_10' title="bbox 157 704 313 742; baseline 0 -6"><span class='ocrx_word' id='word_1_54' title='bbox 157 704 243 742; x_wconf 86' lang='lat' dir='ltr'>Quid</span> <span class='ocrx_word' id='word_1_55' title='bbox 266 705 313 737; x_wconf 82' lang='lat' dir='ltr'>fit.</span> 
     </span>
     <span class='ocr_line' id='line_1_11' title="bbox 607 759 834 800; baseline 0 -9"><span class='ocrx_word' id='word_1_56' title='bbox 607 759 834 800; x_wconf 87' lang='lat' dir='ltr'>Apoecides</span> 
     </span>
     <span class='ocr_line' id='line_1_12' title="bbox 363 813 824 854; baseline -0.002 -9"><span class='ocrx_word' id='word_1_57' title='bbox 363 815 402 845; x_wconf 90' lang='lat' dir='ltr'>Di</span> <span class='ocrx_word' id='word_1_58' title='bbox 427 814 573 854; x_wconf 86' lang='lat' dir='ltr'>deaeque</span> <span class='ocrx_word' id='word_1_59' title='bbox 598 817 630 845; x_wconf 80' lang='lat' dir='ltr'>te</span> <span class='ocrx_word' id='word_1_60' title='bbox 654 813 824 845; x_wconf 82' lang='lat' dir='ltr'>adiuuant.</span> 
     </span>
     <span class='ocr_line' id='line_1_13' title="bbox 588 867 844 908; baseline 0.004 -9"><span class='ocrx_word' id='word_1_61' title='bbox 588 867 844 908; x_wconf 81' lang='lat' dir='ltr'>Periphanes</span> 
     </span>
    </p>
   </div>
   <div class='ocr_carea' id='block_1_3' title="bbox 875 921 1121 963">
    <p class='ocr_par' dir='ltr' id='par_1_3' title="bbox 875 921 1121 963">
     <span class='ocr_line' id='line_1_14' title="bbox 875 921 1121 963; baseline -0.004 -10"><span class='ocrx_word' id='word_1_62' title='bbox 875 921 978 953; x_wconf 88' lang='lat' dir='ltr'>Omen</span> <span class='ocrx_word' id='word_1_63' title='bbox 1002 922 1121 963; x_wconf 81' lang='lat' dir='ltr'>placet.</span> 
     </span>
    </p>
   </div>
   <div class='ocr_carea' id='block_1_4' title="bbox 152 976 1109 1884">
    <p class='ocr_par' dir='ltr' id='par_1_4' title="bbox 152 976 1109 1884">
     <span class='ocr_line' id='line_1_15' title="bbox 605 976 833 1017; baseline -0.004 -9"><span class='ocrx_word' id='word_1_64' title='bbox 605 976 833 1017; x_wconf 82' lang='lat' dir='ltr'>Apoecides</span> 
     </span>
     <span class='ocr_line' id='line_1_16' title="bbox 157 1030 990 1072; baseline 0.002 -12"><span class='ocrx_word' id='word_1_65' title='bbox 157 1030 240 1068; x_wconf 89' lang='lat' dir='ltr'>Quin</span> <span class='ocrx_word' id='word_1_66' title='bbox 264 1031 364 1062; x_wconf 89' lang='lat' dir='ltr'>omini</span> <span class='ocrx_word' id='word_1_67' title='bbox 387 1041 501 1063; x_wconf 89' lang='lat' dir='ltr'>omnes</span> <span class='ocrx_word' id='word_1_68' title='bbox 523 1034 706 1072; x_wconf 78' lang='lat' dir='ltr'>suppetunt</span> <span class='ocrx_word' id='word_1_69' title='bbox 727 1041 780 1062; x_wconf 88' lang='lat' dir='ltr'>res</span> <span class='ocrx_word' id='word_1_70' title='bbox 803 1041 990 1071; x_wconf 83' lang='lat' dir='ltr'>prosperae.</span> 
     </span>
     <span class='ocr_line' id='line_1_17' title="bbox 157 1083 821 1117; baseline 0.002 -2"><span class='ocrx_word' id='word_1_71' title='bbox 157 1083 220 1116; x_wconf 88' lang='lat' dir='ltr'>Sed</span> <span class='ocrx_word' id='word_1_72' title='bbox 244 1088 280 1116; x_wconf 81' lang='lat' dir='ltr'>tn</span> <span class='ocrx_word' id='word_1_73' title='bbox 304 1084 387 1116; x_wconf 90' lang='lat' dir='ltr'>hanc</span> <span class='ocrx_word' id='word_1_74' title='bbox 410 1085 486 1117; x_wconf 91' lang='lat' dir='ltr'>iube</span> <span class='ocrx_word' id='word_1_75' title='bbox 511 1086 556 1116; x_wconf 87' lang='lat' dir='ltr'>sis</span> <span class='ocrx_word' id='word_1_76' title='bbox 579 1085 665 1116; x_wconf 86' lang='lat' dir='ltr'>intro</span> <span class='ocrx_word' id='word_1_77' title='bbox 690 1084 821 1116; x_wconf 86' lang='lat' dir='ltr'>abduci.</span> 
     </span>
     <span class='ocr_line' id='line_1_18' title="bbox 595 1138 845 1178; baseline -0.004 -8"><span class='ocrx_word' id='word_1_78' title='bbox 595 1138 845 1178; x_wconf 73' lang='lat' dir='ltr'>Periphanes</span> 
     </span>
     <span class='ocr_line' id='line_1_19' title="bbox 856 1192 1069 1231; baseline -0.005 -7"><span class='ocrx_word' id='word_1_79' title='bbox 856 1192 955 1231; x_wconf 87' lang='lat' dir='ltr'>Heus,</span> <span class='ocrx_word' id='word_1_80' title='bbox 979 1192 1069 1223; x_wconf 87' lang='lat' dir='ltr'>foras</span> 
     </span>
     <span class='ocr_line' id='line_1_20' title="bbox 157 1247 1056 1288; baseline -0.002 -10"><span class='ocrx_word' id='word_1_81' title='bbox 157 1247 250 1278; x_wconf 78' lang='lat' dir='ltr'>Exite</span> <span class='ocrx_word' id='word_1_82' title='bbox 274 1247 338 1279; x_wconf 91' lang='lat' dir='ltr'>huc</span> <span class='ocrx_word' id='word_1_83' title='bbox 360 1247 488 1288; x_wconf 82' lang='lat' dir='ltr'>aliquis.</span> <span class='ocrx_word' id='word_1_84' title='bbox 534 1247 624 1278; x_wconf 86' lang='lat' dir='ltr'>Duce</span> <span class='ocrx_word' id='word_1_85' title='bbox 648 1248 744 1278; x_wconf 79' lang='lat' dir='ltr'>istam</span> <span class='ocrx_word' id='word_1_86' title='bbox 767 1247 853 1279; x_wconf 82' lang='lat' dir='ltr'>intro</span> <span class='ocrx_word' id='word_1_87' title='bbox 878 1247 1056 1278; x_wconf 87' lang='lat' dir='ltr'>mulierem.</span> 
     </span>
     <span class='ocr_line' id='line_1_21' title="bbox 155 1301 411 1342; baseline 0 -10"><span class='ocrx_word' id='word_1_88' title='bbox 155 1301 262 1342; x_wconf 85' lang='lat' dir='ltr'>Atque</span> <span class='ocrx_word' id='word_1_89' title='bbox 287 1302 411 1333; x_wconf 81' lang='lat' dir='ltr'>audin‘?</span> 
     </span>
     <span class='ocr_line' id='line_1_22' title="bbox 640 1355 789 1387; baseline 0 0"><span class='ocrx_word' id='word_1_90' title='bbox 640 1355 789 1387; x_wconf 89' lang='lat' dir='ltr'>Seruos</span> 
     </span>
     <span class='ocr_line' id='line_1_23' title="bbox 457 1409 638 1448; baseline 0 -7"><span class='ocrx_word' id='word_1_91' title='bbox 457 1409 542 1448; x_wconf 84' lang='lat' dir='ltr'>Quid</span> <span class='ocrx_word' id='word_1_92' title='bbox 566 1410 638 1441; x_wconf 86' lang='lat' dir='ltr'>uis‘?</span> 
     </span>
     <span class='ocr_line' id='line_1_24' title="bbox 590 1464 982 1506; baseline 0 -11"><span class='ocrx_word' id='word_1_93' title='bbox 590 1464 842 1504; x_wconf 82' lang='lat' dir='ltr'>Periphanes</span> <span class='ocrx_word' id='word_1_94' title='bbox 979 1503 982 1506; x_wconf 14' lang='grc' dir='ltr'><strong><em>ἢ</em></strong></span> 
     </span>
     <span class='ocr_line' id='line_1_25' title="bbox 679 1517 1056 1549; baseline -0.003 0"><span class='ocrx_word' id='word_1_95' title='bbox 679 1517 768 1549; x_wconf 88' lang='lat' dir='ltr'>Caue</span> <span class='ocrx_word' id='word_1_96' title='bbox 791 1518 864 1549; x_wconf 89' lang='lat' dir='ltr'>siris</span> <span class='ocrx_word' id='word_1_97' title='bbox 890 1527 964 1548; x_wconf 90' lang='lat' dir='ltr'>cum</span> <span class='ocrx_word' id='word_1_98' title='bbox 987 1517 1056 1548; x_wconf 82' lang='lat' dir='ltr'>filia</span> 
     </span>
     <span class='ocr_line' id='line_1_26' title="bbox 152 1571 1109 1613; baseline -0.002 -9"><span class='ocrx_word' id='word_1_99' title='bbox 152 1571 226 1603; x_wconf 86' lang='lat' dir='ltr'>Mea</span> <span class='ocrx_word' id='word_1_100' title='bbox 249 1572 395 1613; x_wconf 88' lang='lat' dir='ltr'>copulari</span> <span class='ocrx_word' id='word_1_101' title='bbox 417 1573 502 1604; x_wconf 83' lang='lat' dir='ltr'>hanc</span> <span class='ocrx_word' id='word_1_102' title='bbox 525 1582 631 1613; x_wconf 86' lang='lat' dir='ltr'>neque</span> <span class='ocrx_word' id='word_1_103' title='bbox 656 1573 855 1612; x_wconf 87' lang='lat' dir='ltr'>conspicere.</span> <span class='ocrx_word' id='word_1_104' title='bbox 900 1571 970 1602; x_wconf 87' lang='lat' dir='ltr'>Iam</span> <span class='ocrx_word' id='word_1_105' title='bbox 994 1575 1086 1602; x_wconf 84' lang='lat' dir='ltr'>tenes</span> <span class='ocrx_word' id='word_1_106' title='bbox 1095 1572 1109 1601; x_wconf 66' lang='lat'>2&gt;</span> 
     </span>
     <span class='ocr_line' id='line_1_27' title="bbox 153 1625 989 1664; baseline -0.001 -7"><span class='ocrx_word' id='word_1_107' title='bbox 153 1626 189 1657; x_wconf 89' lang='lat' dir='ltr'>In</span> <span class='ocrx_word' id='word_1_108' title='bbox 213 1626 397 1658; x_wconf 83' lang='lat' dir='ltr'>aediculam</span> <span class='ocrx_word' id='word_1_109' title='bbox 414 1627 526 1658; x_wconf 44' lang='lat' dir='ltr'>*istanc</span> <span class='ocrx_word' id='word_1_110' title='bbox 550 1637 699 1658; x_wconf 85' lang='lat' dir='ltr'>seorsum</span> <span class='ocrx_word' id='word_1_111' title='bbox 724 1625 876 1658; x_wconf 87' lang='lat' dir='ltr'>concludi</span> <span class='ocrx_word' id='word_1_112' title='bbox 899 1625 989 1664; x_wconf 87' lang='lat' dir='ltr'>uolo;</span> 
     </span>
     <span class='ocr_line' id='line_1_28' title="bbox 154 1679 923 1720; baseline -0.001 -9"><span class='ocrx_word' id='word_1_113' title='bbox 154 1679 334 1712; x_wconf 74' lang='lat' dir='ltr'>Diuortunt</span> <span class='ocrx_word' id='word_1_114' title='bbox 358 1691 464 1712; x_wconf 88' lang='lat' dir='ltr'>mores</span> <span class='ocrx_word' id='word_1_115' title='bbox 487 1681 607 1720; x_wconf 85' lang='lat' dir='ltr'>uirgini</span> <span class='ocrx_word' id='word_1_116' title='bbox 631 1680 728 1720; x_wconf 86' lang='lat' dir='ltr'>longe</span> <span class='ocrx_word' id='word_1_117' title='bbox 752 1690 791 1711; x_wconf 85' lang='lat' dir='ltr'>ac</span> <span class='ocrx_word' id='word_1_118' title='bbox 814 1680 923 1720; x_wconf 86' lang='lat' dir='ltr'>lupae.</span> 
     </span>
     <span class='ocr_line' id='line_1_29' title="bbox 601 1735 831 1775; baseline -0.004 -9"><span class='ocrx_word' id='word_1_119' title='bbox 601 1735 831 1775; x_wconf 87' lang='lat' dir='ltr'>Apoecides</span> 
     </span>
     <span class='ocr_line' id='line_1_30' title="bbox 152 1787 1073 1829; baseline 0 -11"><span class='ocrx_word' id='word_1_120' title='bbox 152 1787 255 1819; x_wconf 78' lang='lat' dir='ltr'>Docte</span> <span class='ocrx_word' id='word_1_121' title='bbox 280 1792 312 1819; x_wconf 83' lang='lat' dir='ltr'>et</span> <span class='ocrx_word' id='word_1_122' title='bbox 336 1789 503 1829; x_wconf 81' lang='lat' dir='ltr'>sapienter</span> <span class='ocrx_word' id='word_1_123' title='bbox 527 1788 624 1827; x_wconf 87' lang='lat' dir='ltr'>dicis;</span> <span class='ocrx_word' id='word_1_124' title='bbox 647 1798 820 1828; x_wconf 72' lang='lat' dir='ltr'>numquam</span> <span class='ocrx_word' id='word_1_125' title='bbox 843 1787 940 1818; x_wconf 90' lang='lat' dir='ltr'>nimis</span> <span class='ocrx_word' id='word_1_126' title='bbox 964 1791 1073 1827; x_wconf 76' lang='lat' dir='ltr'>potest</span> 
     </span>
     <span class='ocr_line' id='line_1_31' title="bbox 153 1841 928 1884; baseline 0 -12"><span class='ocrx_word' id='word_1_127' title='bbox 153 1841 349 1874; x_wconf 84' lang='lat' dir='ltr'>Pudicitiam</span> <span class='ocrx_word' id='word_1_128' title='bbox 374 1844 548 1884; x_wconf 87' lang='lat' dir='ltr'>quisquam</span> <span class='ocrx_word' id='word_1_129' title='bbox 572 1853 650 1874; x_wconf 87' lang='lat' dir='ltr'>suae</span> <span class='ocrx_word' id='word_1_130' title='bbox 673 1852 808 1874; x_wconf 85' lang='lat' dir='ltr'>seruare</span> <span class='ocrx_word' id='word_1_131' title='bbox 832 1841 928 1872; x_wconf 88' lang='lat' dir='ltr'>filiae.</span> 
     </span>
    </p>
   </div>
   <div class='ocr_carea' id='block_1_5' title="bbox 154 1918 356 1922">
    <p class='ocr_par' dir='ltr' id='par_1_5' title="bbox 154 1918 356 1922">
     <span class='ocr_line' id='line_1_32' title="bbox 154 1918 356 1922; baseline 0 0"><span class='ocrx_word' id='word_1_132' title='bbox 154 1918 356 1922; x_wconf 95' lang='lat' dir='ltr'> </span> 
     </span>
    </p>
   </div>
   <div class='ocr_carea' id='block_1_6' title="bbox 1245 186 1284 214">
    <p class='ocr_par' dir='ltr' id='par_1_6' title="bbox 1245 186 1284 214">
     <span class='ocr_line' id='line_1_33' title="bbox 1245 186 1284 214; baseline 0 0"><span class='ocrx_word' id='word_1_133' title='bbox 1245 186 1284 214; x_wconf 75' lang='lat'>35</span> 
     </span>
    </p>
   </div>
   <div class='ocr_carea' id='block_1_7' title="bbox 1234 394 1286 418">
    <p class='ocr_par' dir='ltr' id='par_1_7' title="bbox 1234 394 1286 418">
     <span class='ocr_line' id='line_1_34' title="bbox 1234 394 1286 418; baseline 0 0"><span class='ocrx_word' id='word_1_134' title='bbox 1234 394 1286 418; x_wconf 82' lang='lat'>390</span> 
     </span>
    </p>
   </div>
   <div class='ocr_carea' id='block_1_8' title="bbox 1230 661 1281 686">
    <p class='ocr_par' dir='ltr' id='par_1_8' title="bbox 1230 661 1281 686">
     <span class='ocr_line' id='line_1_35' title="bbox 1230 661 1281 686; baseline 0 0"><span class='ocrx_word' id='word_1_135' title='bbox 1230 661 1281 686; x_wconf 82' lang='lat'>395</span> 
     </span>
    </p>
   </div>
   <div class='ocr_carea' id='block_1_9' title="bbox 1229 1526 1281 1550">
    <p class='ocr_par' dir='ltr' id='par_1_9' title="bbox 1229 1526 1281 1550">
     <span class='ocr_line' id='line_1_36' title="bbox 1229 1526 1281 1550; baseline 0 0"><span class='ocrx_word' id='word_1_136' title='bbox 1229 1526 1281 1550; x_wconf 85' lang='lat'>400</span> 
     </span>
    </p>
   </div>
   <div class='ocr_carea' id='block_1_10' title="bbox 1228 1850 1280 1875">
    <p class='ocr_par' dir='ltr' id='par_1_10' title="bbox 1228 1850 1280 1875">
     <span class='ocr_line' id='line_1_37' title="bbox 1228 1850 1280 1875; baseline -0.019 0"><span class='ocrx_word' id='word_1_137' title='bbox 1228 1850 1280 1875; x_wconf 87' lang='lat'>405</span> 
     </span>
    </p>
   </div>
   <div class='ocr_carea' id='block_1_11' title="bbox 219 1950 1276 1986">
    <p class='ocr_par' dir='ltr' id='par_1_11' title="bbox 219 1950 1276 1986">
     <span class='ocr_line' id='line_1_38' title="bbox 219 1950 1276 1986; baseline -0.002 -8"><span class='ocrx_word' id='word_1_138' title='bbox 219 1953 270 1978; x_wconf 87' lang='grc'>388</span> <span class='ocrx_word' id='word_1_139' title='bbox 288 1952 340 1978; x_wconf 92' lang='lat' dir='ltr'>Uel</span> <span class='ocrx_word' id='word_1_140' title='bbox 360 1953 438 1986; x_wconf 88' lang='lat' dir='ltr'>quasi</span> <span class='ocrx_word' id='word_1_141' title='bbox 456 1954 570 1985; x_wconf 74' lang='lat' dir='ltr'>egomet</span> <span class='ocrx_word' id='word_1_142' title='bbox 588 1952 634 1986; x_wconf 87' lang='lat' dir='ltr'>qui</span> <span class='ocrx_word' id='word_1_143' title='bbox 654 1952 719 1978; x_wconf 90' lang='lat' dir='ltr'>dum</span> <span class='ocrx_word' id='word_1_144' title='bbox 773 1953 823 1978; x_wconf 80' lang='lat'>389</span> <span class='ocrx_word' id='word_1_145' title='bbox 842 1951 903 1985; x_wconf 84' lang='lat' dir='ltr'>Ego</span> <span class='ocrx_word' id='word_1_146' title='bbox 923 1960 966 1977; x_wconf 89' lang='lat' dir='ltr'>me</span> <span class='ocrx_word' id='word_1_147' title='bbox 1020 1952 1071 1977; x_wconf 82' lang='lat'>390</span> <span class='ocrx_word' id='word_1_148' title='bbox 1088 1950 1188 1976; x_wconf 83' lang='lat' dir='ltr'>Melius</span> <span class='ocrx_word' id='word_1_149' title='bbox 1208 1950 1276 1976; x_wconf 85' lang='lat' dir='ltr'>deli-</span> 
     </span>
    </p>
   </div>
   <div class='ocr_carea' id='block_1_12' title="bbox 152 1994 1073 2029">
    <p class='ocr_par' dir='ltr' id='par_1_12' title="bbox 152 1994 1073 2029">
     <span class='ocr_line' id='line_1_39' title="bbox 152 1994 1073 2029; baseline -0.002 -8"><span class='ocrx_word' id='word_1_150' title='bbox 152 1995 258 2028; x_wconf 70' lang='lat' dir='ltr'>quisset</span> <span class='ocrx_word' id='word_1_151' title='bbox 275 1995 339 2021; x_wconf 86' lang='lat' dir='ltr'>med</span> <span class='ocrx_word' id='word_1_152' title='bbox 359 2004 427 2029; x_wconf 84' lang='lat' dir='ltr'>erga</span> <span class='ocrx_word' id='word_1_153' title='bbox 506 1995 655 2028; x_wconf 86' lang='lat' dir='ltr'>plurimum</span> <span class='ocrx_word' id='word_1_154' title='bbox 731 1995 780 2020; x_wconf 84' lang='lat'>393</span> <span class='ocrx_word' id='word_1_155' title='bbox 800 2002 849 2020; x_wconf 87' lang='lat' dir='ltr'>om.</span> <span class='ocrx_word' id='word_1_156' title='bbox 869 1994 895 2019; x_wconf 80' lang='lat' dir='ltr'>A</span> <span class='ocrx_word' id='word_1_157' title='bbox 967 1994 1016 2019; x_wconf 81' lang='lat'>396</span> <span class='ocrx_word' id='word_1_158' title='bbox 1036 1994 1073 2019; x_wconf 71' lang='lat' dir='ltr'>sit</span> 
     </span>
    </p>
   </div>
   <div class='ocr_carea' id='block_1_13' title="bbox 1143 1993 1278 2019">
    <p class='ocr_par' dir='ltr' id='par_1_13' title="bbox 1143 1993 1278 2019">
     <span class='ocr_line' id='line_1_40' title="bbox 1143 1993 1278 2019; baseline 0 0"><span class='ocrx_word' id='word_1_159' title='bbox 1143 1993 1278 2019; x_wconf 79' lang='lat' dir='ltr'>adiuuant</span> 
     </span>
    </p>
   </div>
   <div class='ocr_carea' id='block_1_14' title="bbox 150 2036 1280 2072">
    <p class='ocr_par' dir='ltr' id='par_1_14' title="bbox 150 2036 1280 2072">
     <span class='ocr_line' id='line_1_41' title="bbox 150 2036 1280 2072; baseline -0.001 -10"><span class='ocrx_word' id='word_1_160' title='bbox 150 2045 195 2064; x_wconf 82' lang='lat' dir='ltr'>res</span> <span class='ocrx_word' id='word_1_161' title='bbox 213 2046 339 2072; x_wconf 83' lang='lat' dir='ltr'>propere.</span> <span class='ocrx_word' id='word_1_162' title='bbox 359 2038 446 2064; x_wconf 85' lang='lat' dir='ltr'>PERI</span> <span class='ocrx_word' id='word_1_163' title='bbox 517 2039 568 2064; x_wconf 78' lang='lat'>397</span> <span class='ocrx_word' id='word_1_164' title='bbox 585 2036 636 2069; x_wconf 71' lang='lat' dir='ltr'>Qui</span> <span class='ocrx_word' id='word_1_165' title='bbox 656 2037 762 2063; x_wconf 88' lang='lat' dir='ltr'>nomini</span> <span class='ocrx_word' id='word_1_166' title='bbox 841 2044 958 2070; x_wconf 84' lang='lat' dir='ltr'>propere</span> <span class='ocrx_word' id='word_1_167' title='bbox 1037 2037 1156 2062; x_wconf 82' lang='lat'>397—99</span> <span class='ocrx_word' id='word_1_168' title='bbox 1173 2036 1280 2062; x_wconf 71' lang='lat' dir='ltr'>duobus</span> 
     </span>
    </p>
   </div>
   <div class='ocr_carea' id='block_1_15' title="bbox 149 2078 1146 2111">
    <p class='ocr_par' dir='ltr' id='par_1_15' title="bbox 149 2078 1146 2111">
     <span class='ocr_line' id='line_1_42' title="bbox 149 2078 1146 2111; baseline -0.002 -5"><span class='ocrx_word' id='word_1_169' title='bbox 149 2081 275 2107; x_wconf 71' lang='lat' dir='ltr'>versibus</span> <span class='ocrx_word' id='word_1_170' title='bbox 348 2082 399 2107; x_wconf 78' lang='lat'>398</span> <span class='ocrx_word' id='word_1_171' title='bbox 418 2081 515 2107; x_wconf 79' lang='lat' dir='ltr'>lubens</span> <span class='ocrx_word' id='word_1_172' title='bbox 534 2082 610 2107; x_wconf 82' lang='lat' dir='ltr'>intro</span> <span class='ocrx_word' id='word_1_173' title='bbox 630 2081 738 2106; x_wconf 83' lang='lat' dir='ltr'>Abduci</span> <span class='ocrx_word' id='word_1_174' title='bbox 757 2080 827 2105; x_wconf 81' lang='lat' dir='ltr'>heus</span> <span class='ocrx_word' id='word_1_175' title='bbox 899 2080 951 2104; x_wconf 84' lang='lat'>400</span> <span class='ocrx_word' id='word_1_176' title='bbox 968 2078 1056 2104; x_wconf 84' lang='lat' dir='ltr'>EPID</span> <span class='ocrx_word' id='word_1_177' title='bbox 1075 2078 1146 2111; x_wconf 82' lang='lat' dir='ltr'>Quid</span> 
     </span>
    </p>
   </div>
   <div class='ocr_carea' id='block_1_16' title="bbox 150 2123 1074 2202">
    <p class='ocr_par' dir='ltr' id='par_1_16' title="bbox 150 2123 1074 2202">
     <span class='ocr_line' id='line_1_43' title="bbox 150 2123 1055 2150; baseline -0.004 0"><span class='ocrx_word' id='word_1_178' title='bbox 150 2124 252 2150; x_wconf 81' lang='lat'>403—7</span> <span class='ocrx_word' id='word_1_179' title='bbox 271 2124 359 2150; x_wconf 75' lang='lat' dir='ltr'>tribus</span> <span class='ocrx_word' id='word_1_180' title='bbox 377 2123 510 2150; x_wconf 74' lang='lat' dir='ltr'>versibus.</span> <span class='ocrx_word' id='word_1_181' title='bbox 581 2124 631 2148; x_wconf 77' lang='lat'>402</span> <span class='ocrx_word' id='word_1_182' title='bbox 651 2123 721 2149; x_wconf 73' lang='lat' dir='ltr'>istac</span> <span class='ocrx_word' id='word_1_183' title='bbox 740 2131 849 2149; x_wconf 82' lang='lat' dir='ltr'>sorsum</span> <span class='ocrx_word' id='word_1_184' title='bbox 920 2123 971 2147; x_wconf 83' lang='lat'>404</span> <span class='ocrx_word' id='word_1_185' title='bbox 990 2130 1055 2147; x_wconf 83' lang='lat' dir='ltr'>num</span> 
     </span>
     <span class='ocr_line' id='line_1_44' title="bbox 1039 2175 1074 2202; baseline 0 -11"><span class='ocrx_word' id='word_1_186' title='bbox 1039 2175 1074 2202; x_wconf 61' lang='lat'>3*</span> 
     </span>
    </p>
   </div>
   <div class='ocr_carea' id='block_1_17' title="bbox 1216 2087 1278 2103">
    <p class='ocr_par' dir='ltr' id='par_1_17' title="bbox 1216 2087 1278 2103">
     <span class='ocr_line' id='line_1_45' title="bbox 1216 2087 1278 2103; baseline 0 0"><span class='ocrx_word' id='word_1_187' title='bbox 1216 2087 1278 2103; x_wconf 76' lang='lat' dir='ltr'>oum</span> 
     </span>
    </p>
   </div>
   <div class='ocr_carea' id='block_1_18' title="bbox 1555 0 1591 2478">
    <p class='ocr_par' dir='ltr' id='par_1_18' title="bbox 1555 0 1591 2478">
     <span class='ocr_line' id='line_1_46' title="bbox 1555 0 1591 2478; baseline 0 0"><span class='ocrx_word' id='word_1_188' title='bbox 1555 0 1591 2478; x_wconf 95' lang='lat' dir='ltr'> </span> 
     </span>
    </p>
   </div>
  </div>
 </body>
</html>
