1596 2478
290 191 328 220 24
334 192 352 219 6
782 186 923 221 Epidicus.

290 287 421 314 terarum
441 285 572 313 codicum
592 285 756 322 scripturas
774 287 804 312 et
816 284 1003 313 Ambrosiani
1022 283 1208 322 palimpsesti
1230 294 1412 323 qnaecunque

291 337 420 374 repetito
444 336 599 364 doctorum
624 336 754 363 virorum
775 335 875 363 studio
892 335 950 371 legi
972 337 1133 372 potuerunt
1150 338 1219 363 nota
1237 335 1408 369 habeamus.

290 397 413 424 eamque
447 386 544 421 adeat,
579 386 624 414 cui
653 388 754 414 nostra
782 386 912 414 brevitas
940 395 1042 424 parum
1072 385 1226 414 satisfacit.
1284 386 1347 424 Ego
1381 387 1410 415 in

291 439 489 466 Ambrosiano
508 437 570 466 eius
587 437 760 465 testimonio
778 435 904 465 confisus
923 446 996 472 sum,
1023 436 1196 465 Vaticanum
1215 439 1243 465 et
1263 436 1411 466 Britanni-

291 499 356 518 cum
380 486 417 525 (B
431 491 460 516 et
472 488 495 521 1,
518 498 584 516 nam
609 488 695 516 huius
713 497 828 526 quoque
849 487 876 515 in
895 488 1105 516 commentario
1126 487 1276 515 interdum
1301 489 1412 516 mentio

291 537 338 571 fit)
352 541 414 576 ipse
434 539 556 567 contuli.
607 538 796 576 Palimpsesti
820 538 899 571 folia,
924 547 988 575 quae
1012 537 1168 576 Epidicum
1194 539 1412 574 continuerunt,

291 589 328 617 de
362 589 469 627 quibus
499 592 634 618 accurate
668 589 801 626 disputat
829 588 968 617 Goetzius
997 589 1078 626 praef.
1103 598 1131 626 p.
1164 588 1219 616 VII
1249 598 1322 627 sqq.‚
1358 599 1412 619 nec

292 641 388 669 omnia
425 643 541 668 servata
575 643 644 669 sunt
677 643 707 668 et
741 642 852 678 proeter
887 640 1013 677 primum
1049 639 1109 667 sere
1146 640 1272 677 pessime
1301 639 1411 669 habita.

292 691 509 719 continuerunt
539 693 635 719 autem
666 700 731 728 quae
759 692 877 718 exstant
909 699 967 718 vss.
1003 691 1102 718 1—28
1131 688 1220 726 (tua),
1256 691 1410 727 53—115,

295 742 470 776 152-185,
507 742 685 776 215-252,
721 741 780 770 445
816 750 909 777 usque
943 740 980 768 ad
1013 740 1111 768 finem.
1178 740 1211 769 In
1245 744 1412 770 ceterorum

291 792 424 821 codicum
454 792 615 830 archetypo
645 801 736 830 quum
765 791 907 830 Epidicus
937 792 1047 829 prioris
1070 791 1227 820 voluminis
1249 794 1412 820 extremum

291 844 386 872 locum
416 846 534 871 teneret
562 841 603 879 (v.
628 842 744 878 Proleg.
768 851 796 879 p.
824 838 912 879 152),
942 841 1082 870 librarius
1105 843 1232 874 veritus.
1262 852 1298 871 ne
1322 852 1412 871 mem-

291 893 392 922 branae
420 902 564 922 concessae
594 892 769 928 deficerent,
804 902 906 921 versus
936 901 1013 930 saepe
1042 893 1120 921 iusto
1150 893 1298 930 longiores
1333 893 1412 929 fecit,

292 947 326 973 ut
359 954 395 972 ne
429 944 590 982 septenarii
621 944 738 981 quidem
769 946 798 972 et
825 944 932 971 senarii
963 946 1102 971 accurate
1134 946 1298 972 serventur.
1355 943 1413 973 Sed

292 997 323 1023 et
362 995 530 1023 mniusculae
571 995 678 1023 litterae
716 994 863 1023 interdum
903 1003 1040 1022 versuum
1075 994 1160 1022 initia
1192 994 1326 1023 indicant
1360 1005 1414 1024 nec

292 1045 379 1073 facile
402 1045 431 1073 in
450 1046 528 1073 notis
546 1055 682 1074 versuum
701 1045 861 1083 generibus
879 1044 1007 1073 dubitari
1025 1047 1132 1082 potest.
1168 1045 1272 1083 Itaque
1290 1055 1412 1083 pravam

292 1105 431 1125 versuum
461 1096 699 1134 discriptionem,
733 1097 762 1124 in
793 1105 849 1133 qun
879 1095 942 1123 cod.
967 1095 1157 1124 Britannicus
1180 1105 1246 1124 cnm
1268 1095 1412 1125 Vaticano

293 1147 442 1184 congruit,
468 1148 642 1184 plerumque
671 1157 731 1176 uon
759 1147 789 1175 in
817 1147 961 1174 varietate
984 1147 1139 1184 scriplurae
1161 1148 1258 1175 textui
1281 1147 1413 1176 subiecta

292 1198 442 1233 annotavi,
471 1197 522 1226 sed
546 1197 759 1226 commentario
782 1197 946 1232 reservavi3
981 1198 1006 1226 si
1030 1197 1100 1234 quid
1125 1197 1233 1233 deerit,
1262 1199 1313 1235 qui
1335 1198 1415 1227 volet

293 1248 370 1286 apud
395 1248 520 1277 Pal-eum
544 1248 682 1276 inveniet.

378 1350 574 1379 Personarum
597 1350 718 1378 nomina
741 1351 839 1378 omnia
863 1350 967 1378 Graeca
989 1352 1074 1385 suut,
1104 1350 1248 1388 pleraque
1270 1350 1314 1378 ita
1337 1349 1414 1386 ficta,

293 1403 326 1429 ut
349 1411 414 1429 cum
438 1402 533 1429 ironia
557 1401 682 1438 quadam
706 1401 857 1429 hominum
881 1401 999 1438 ingenia
1026 1400 1201 1438 significent.
1258 1398 1416 1438 Epn'dicus

294 1453 377 1489 quasi
402 1452 446 1479 ἐπὶ
470 1452 537 1488 δίκῃ,
561 1452 785 1488 ἐπιδικαζὸ,ιιεινος,
809 1462 911 1481 servus
934 1452 1103 1489 appellatur
1121 1461 1185 1480 cum
1203 1452 1275 1481 hero
1293 1452 1416 1488 litigans

295 1505 332 1538 et,
357 1512 430 1539 quas
454 1503 516 1540 ipse
540 1503 649 1531 meruit
670 1512 780 1540 poenas,
805 1503 841 1530 ab
866 1512 899 1531 eo
919 1505 1055 1540 repetens
1072 1499 1112 1540 (v.
1128 1499 1214 1538 722).
1262 1502 1295 1531 In
1314 1502 1378 1531 cod.
1394 1502 1416 1530 B

294 1554 467 1591 plerumque
493 1552 682 1591 „Epydicus“
707 1553 862 1588 scribitur,
892 1554 972 1590 quod
1001 1553 1089 1581 semel
1119 1553 1250 1582 indicare
1278 1553 1414 1582 sufficiat.

292 1604 374 1633 Idem
410 1607 508 1633 autem
544 1614 649 1632 nomeu
684 1613 718 1632 ex
755 1605 867 1633 incerta
900 1604 1001 1632 fabula
1029 1603 1152 1632 affertur
1180 1604 1259 1642 apud
1289 1604 1415 1632 Marium

294 1655 477 1684 Victorinum
510 1665 537 1693 p.
563 1655 645 1683 2524
670 1655 702 1684 P.
760 1651 984 1692 Stratippocles
1012 1655 1168 1692 magnifico
1202 1656 1319 1684 nomine
1353 1655 1417 1684 eius

294 1707 419 1744 generis,
444 1706 522 1743 quod
547 1709 755 1734 commemorat
772 1706 986 1744 Aristophanes
1006 1705 1084 1734 Nub.
1104 1707 1142 1734 63
1167 1716 1220 1744 sq.,
1244 1706 1417 1734 adulescens

294 1757 413 1793 dicitur,
438 1758 520 1785 cuius
544 1766 578 1784 ea
600 1759 664 1785 erat
686 1756 756 1785 belli
779 1757 884 1793 gloria,
909 1760 942 1785 ut
965 1753 1054 1785 armis
1078 1757 1190 1785 relictis
1208 1756 1320 1785 rediret
1337 1755 1416 1793 (31),

300 1804 506 1837 Chaeribulus
519 1806 617 1844 (codd.
635 1806 874 1845 ‚,Cheribolus“)‚
900 1809 918 1836 i.
938 1817 961 1835 c.
987 1808 1118 1836 consiliis
1141 1808 1282 1844 gaudens,
1307 1808 1417 1836 amicus

296 1859 419 1887 amicum
444 1859 508 1887 solo
532 1858 667 1893 consilio,
703 1868 761 1887 non
792 1868 824 1887 re
853 1858 998 1887 adiuvans
1025 1867 1079 1886 nec
1109 1858 1269 1896 quidquam
1293 1858 1417 1887 afferens

295 1910 351 1938 nisi
376 1909 454 1946 quod
481 1910 592 1947 aliquid
617 1910 718 1947 aliquo
742 1909 828 1938 modo
852 1910 1003 1937 inventum
1028 1909 1064 1937 iri
1084 1912 1185 1946 sperat
1202 1906 1304 1946 (332),
1329 1906 1417 1938 Peri-

290 1957 423 1997 phanes,
449 1962 466 1989 i.
491 1971 516 1989 e.
543 1961 676 1996 illustris,
701 1970 789 1989 senex
811 1961 862 1997 qui
886 1959 1104 1988 adulescentem
1129 1970 1159 1987 se
1177 1959 1324 1997 gloriatur
1341 1961 1418 1988 mili-

296 2012 410 2039 taribus
434 2012 520 2039 factis
545 2012 649 2039 famam
675 2015 704 2039 et
727 2011 846 2039 divitias
870 2011 925 2039 sibi
950 2020 1072 2047 parasse
1095 2010 1165 2045 (441
1193 2009 1282 2048 sqq.),
1313 2012 1416 2048 populi

297 2063 454 2090 sententiis
482 2061 598 2090 laudari
627 2062 734 2091 solitus
757 2059 856 2098 (516),
890 2061 942 2091 sed
966 2070 1072 2099 reapse
1095 2061 1258 2090 stoliditate
1281 2062 1417 2099 insignis;

297 2113 406 2141 amicus
420 2122 490 2141 vero
504 2113 575 2149 eius,
595 2122 651 2141 non
671 2113 765 2141 minus
777 2112 895 2148 stultus,
915 2113 1050 2150 quamvis
1064 2112 1136 2140 iuris
1148 2113 1260 2150 peritus
1273 2111 1419 2141 habeatur
