1596 2478
305 176 342 205 14
820 173 909 200 Plauti
1217 175 1239 205 Ι,
1259 176 1281 206 1,
1301 175 1394 207 83-2,
1413 177 1429 202 5

549 267 581 299 Si
605 267 667 299 sibi
692 278 777 299 nunc
800 267 939 299 alteram

301 320 350 352 Ab
374 320 501 360 legione
525 320 664 352 abduxit
688 321 787 352 animi
812 331 921 353 causa.
947 322 1071 353 corium
1097 321 1239 362 perdidi3
1395 331 1429 356 95

550 374 631 406 Nam
656 374 710 406 ubi
737 385 834 406 senex
860 376 1001 406 senserit

301 427 369 459 Sibi
393 427 472 459 data
495 438 565 460 esse
589 428 700 466 uerba,
726 429 826 468 uirgis
849 428 982 460 dorsum
1007 428 1170 469 despoliat
1194 439 1309 460 meum.

548 482 591 512 At
615 482 699 513 enim
724 485 759 513 tu
785 492 974 522 praecaueS.

300 535 342 566 At
366 535 460 573 enim,
485 535 542 566 bat
565 535 666 567 enim!
691 535 772 567 nihil
796 540 846 568 est
869 537 963 568 istuc.
1007 535 1107 567 Plane
1127 535 1189 567 hoc
1207 540 1428 577 corruptumst

1019 594 1128 630 caput.

548 642 697 683 Nequam
721 643 817 674 homo
841 653 886 680 es,
911 643 1057 683 Epidice.
1082 660 1122 664 ——
1381 652 1429 677 100

547 696 608 734 Qui
633 696 780 728 lubidost
804 696 886 728 male
911 696 1024 737 loqui?
1051 712 1086 718 —·

549 749 634 787 Quia
657 754 691 781 tu
716 753 783 781 tete
808 750 943 781 deseris.
967 766 1009 772 —

548 803 634 840 Quid
658 804 798 834 faciam?
821 821 861 825 —
887 803 959 835 Men
985 808 1019 834 tu
1044 804 1160 844 rogas?

302 857 349 888 Tu
375 857 507 898 quidem
530 857 672 888 antehac
695 857 769 888 aliis
795 857 924 889 solebas
949 857 1027 888 dare
1051 857 1189 889 consilia
1214 861 1335 888 mutua.
1379 865 1427 891 104

298 911 432 951 Aliquid
457 911 568 952 aliqua
591 911 823 952 reperiundum
848 915 906 942 est.
953 910 1016 942 Sed
1041 921 1100 950 ego
1120 921 1210 942 cesso
1230 911 1276 942 ire
1295 911 1425 942 obuiam

299 964 517 1003 Adulescenti,
542 967 587 1002 ut,
611 965 690 1005 quid
710 965 819 1004 negoti
838 965 890 1002 sit,
911 965 1022 996 sciam.
1069 965 1175 1004 Atque
1194 965 1263 1005 ipse
1281 964 1347 996 illic
1365 970 1424 996 est.

299 1018 416 1050 Tristis
440 1022 498 1050 est.
546 1018 627 1049 Cum
654 1017 854 1050 Chaeribulo
879 1018 1012 1054 incedit,
1037 1017 1166 1058 aequali
1191 1028 1258 1049 suo.

299 1071 370 1103 Huc
394 1071 581 1109 concedam,
606 1072 788 1103 orationem
815 1071 900 1103 unde
924 1071 1039 1103 horum
1063 1071 1191 1112 placide
1216 1082 1404 1112 persequar.

316 1266 660 1300 STRATIPPOCLES
696 1267 1012 1305 CHAERIBULUS,
1057 1266 1400 1299 ADULESCENTES.

662 1326 861 1358 EPIDICUS
887 1326 1061 1358 SERUOS.
1366 1327 1421 1358 DV

702 1431 1013 1472 Stratippocles

293 1486 373 1517 Rem
393 1485 453 1517 tibi
472 1496 542 1517 sum
563 1485 712 1517 elocutus
733 1495 870 1523 omnem,
895 1484 1100 1521 Chaeribule,
1126 1489 1225 1525 atque
1246 1484 1421 1516 admodum

292 1539 439 1571 Meorum
459 1550 643 1571 maerorum
662 1543 761 1580 atque
780 1549 928 1570 amorum
948 1548 1105 1569 summam
1126 1538 1268 1570 edictaui
1282 1538 1351 1570 tibi.
1375 1547 1422 1572 110

713 1608 992 1641 Chaeribulus

292 1663 428 1696 Praeter
450 1668 591 1696 aetatem
617 1668 650 1696 et
673 1665 831 1695 uirtutem
855 1663 978 1694 stultus
1003 1672 1047 1701 es,
1072 1662 1322 1703 Stratippocles.

289 1717 367 1749 Idne
393 1718 494 1758 pudet
517 1722 560 1755 te,
585 1719 662 1758 quia
687 1718 864 1758 captiuam,
888 1726 1007 1756 genere
1032 1720 1224 1757 prognatam
1252 1715 1347 1754 bono,

288 1771 324 1802 In
350 1771 472 1812 praeda
496 1782 530 1804 es
553 1772 741 1804 mercatus?
777 1769 857 1808 Quis
876 1771 948 1807 erit,
974 1770 1057 1801 uitio
1078 1770 1133 1810 qui
1152 1770 1184 1801 id
1203 1773 1315 1802 uortat
1333 1769 1419 1802 tibi?

356 1890 389 1915 97
408 1889 548 1923 despoliet
651 1890 685 1916 98
703 1896 840 1923 praecnuo
947 1888 981 1914 99
999 1888 1036 1914 At
1055 1888 1140 1919 enim,
1162 1887 1211 1914 bat
1229 1887 1302 1914 enim
1322 1895 1373 1915 om.
1391 1887 1418 1913 B

289 1932 337 1957 105
357 1950 449 1958 ......
461 1932 546 1965 quid?
566 1933 630 1965 Aliq
650 1930 882 1966 reperiperiundfi
900 1933 926 1956 st
943 1929 970 1956 Β
1019 1931 1066 1956 107
1085 1930 1230 1957 cheribolo
1286 1931 1334 1956 103
1352 1937 1417 1956 con-

286 1974 354 2000 cede
427 1974 660 2001 CHERIBOLUS
735 1975 780 2000 109
799 1973 904 1999 cribole
979 1973 1046 1999 Post
1067 1974 1113 1999 113
1133 1972 1171 1999 B:

285 2016 335 2043 ST.
355 2015 406 2049 Qui
426 2016 563 2045 inuident,
583 2024 679 2042 omnes
698 2015 827 2042 inimicos
847 2015 915 2041 mihi
936 2015 1002 2041 illoc
1022 2014 1096 2041 facto
1116 2015 1234 2048 repperi.

354 2060 391 2085 At
409 2059 561 2093 pudicitiae
581 2059 639 2085 eius
658 2066 809 2092 numquam
830 2066 882 2084 nec
903 2058 958 2083 uim
979 2066 1030 2083 nec
1050 2057 1154 2083 uicium
1174 2057 1263 2083 attuli.

285 2101 340 2127 CH.
354 2102 411 2127 lum
432 2102 502 2127 istoc
523 2101 638 2134 probior
658 2110 687 2127 es
702 2108 764 2126 meo
780 2101 893 2134 quidem
909 2100 1011 2132 animo,
1032 2108 1093 2126 cum
1111 2099 1138 2126 iu
1156 2107 1249 2125 amore
1265 2101 1414 2132 temperes.
