1596 2478
303 177 365 207 280
793 174 934 208 Epidicus.

391 274 460 301 516.
498 271 551 310 qui
575 271 608 300 in
633 269 730 300 tantis
747 269 876 308 positus
904 278 973 299 sum
1001 268 1175 299 sententiis.
1221 271 1250 299 Si
1275 271 1335 299 haec
1357 280 1428 299 vera

305 327 388 359 suut,
425 333 542 351 necesse
565 326 611 351 est
633 322 814 359 significent:
849 323 900 359 qui
930 324 1015 350 tante.
1045 321 1131 350 leude
1155 322 1286 358 gnude0,
1321 323 1370 359 qui
1395 332 1429 350 eo

304 375 369 404 loco
393 375 507 412 positus
531 384 610 408 sum,
641 377 674 402 ut.
696 378 757 402 tam
781 372 951 401 honorificae
975 373 1011 401 de
1034 383 1079 401 me
1102 372 1251 400 hominum
1275 373 1428 400 sententiae

305 427 447 454 serantur.
510 426 702 462 Antiquiores
736 426 914 462 interpretes
949 434 1037 461 quum
1073 424 1155 451 varin
1189 424 1288 452 conati
1323 426 1427 457 essent.

305 477 474 505 Gronovius
497 475 534 504 de
559 477 789 504 auctoritatibus
812 476 993 513 praescriptis
1017 474 1250 512 psepliismatum
1281 475 1429 511 cogitavit,

306 537 431 565 cumque
455 527 611 561 intellexit,
636 527 718 555 cuius
736 527 765 554 in
783 527 959 555 sententium
978 536 1055 563 saepe
1074 525 1177 563 populi
1195 526 1300 554 scitum
1319 525 1430 553 fuctum

306 582 397 614 esset3
421 579 508 606 nimis
532 580 677 606 contorte.
733 577 903 616 Geppertue
930 580 1028 605 tamen
1058 577 1087 604 in
1111 576 1201 611 hanc,
1231 575 1336 610 credo,
1365 585 1430 604 sen-

306 630 430 657 tentiam
461 626 653 666 „promptus“
685 628 780 656 edidit
810 637 864 664 pro
900 627 1064 664 „positus“.
1120 627 1152 655 In
1176 627 1202 655 A
1228 626 1427 664 „quintantis“

306 681 414 708 lectum
438 683 497 715 est,
525 679 577 707 sed
601 682 634 707 ut
656 680 739 717 prius
763 690 780 707 n
808 678 1001 716 „perdubium
1026 676 1096 706 sit“.
1152 677 1229 706 Num
1255 678 1324 706 fuit:
1362 678 1431 715 „qui

306 732 398 759 tantis
422 734 526 759 auctus
549 740 612 758 sum
637 729 836 758 sententiis“?
881 730 947 758 Alia
977 733 1101 758 conatur
1125 729 1185 758 Leo
1210 729 1308 757 Herm.
1332 728 1430 757 XVIII

307 794 335 821 p.
362 783 422 812 582
446 792 509 820 sqq.
534 796 576 801 —
601 783 757 815 517-19,
787 784 848 810 tres
877 791 979 810 versus
1002 781 1120 818 ineptos
1143 791 1179 809 ne
1203 781 1268 818 quis
1292 780 1432 808 damnare

307 834 433 868 dubitet,
458 833 565 861 absunt
584 833 620 861 ab
634 832 674 866 A;
699 834 821 860 tertium
846 832 1002 860 emendare
1026 831 1082 860 sibi
1106 831 1246 860 videntur
1268 832 1319 869 qui
1347 832 1431 867 „irri-

307 883 370 913 sui“
408 887 438 912 et
476 882 699 921 ,‚depeculatui“
737 883 878 912 scribunt.
914 897 954 902 -
991 883 1060 911 520.
1092 879 1137 911 Ei
1163 880 1227 911 seio
1256 882 1291 917 A,
1327 881 1432 920 Gepp.,

308 936 411 964 Goetz.
426 950 464 954 -—
480 936 549 964 521.
573 942 621 963 me
643 932 778 963 minoris
796 934 830 969 A,
855 937 888 962 ut
906 935 962 962 iam
982 933 1116 970 Pylades.
1162 933 1261 962 Minus
1279 934 1432 971 indignum

308 988 381 1015 dicit
403 996 433 1014 se
457 986 610 1024 deceptum
635 996 698 1014 esse
721 996 809 1023 quam
833 985 1030 1023 Apoecidem,
1062 985 1143 1013 cuius
1173 986 1310 1023 peritiam
1334 985 1430 1022 legum

308 1041 338 1066 et
362 1038 434 1066 iuris
453 1037 541 1074 vulgo
560 1037 688 1073 laudent,
714 1048 740 1065 v.
757 1037 826 1072 293,
851 1037 993 1073 cuiusque
1011 1045 1101 1073 opera
1121 1037 1150 1064 in
1169 1036 1283 1073 legibus
1302 1036 1433 1064 ferendis

308 1092 338 1118 et
360 1089 522 1117 condendis
545 1089 624 1117 cives
642 1090 686 1116 uti
705 1089 830 1116 soleant.
846 1101 884 1106 ——
905 1088 976 1116 522.
999 1084 1141 1115 conditor
1159 1091 1238 1115 recte
1252 1087 1284 1122 B,
1305 1087 1340 1115 cf.
1355 1087 1430 1115 Rud.

312 1141 407 1169 1361:
435 1141 499 1176 „ius
518 1139 673 1168 iurandum
687 1138 900 1168 conditumst“.
938 1138 1044 1167 Pseud.
1060 1139 1135 1167 578:
1165 1148 1246 1173 „meo
1266 1140 1294 1166 in
1314 1141 1432 1176 pectore

309 1192 459 1220 conditum
484 1190 515 1227 (i.
530 1202 553 1219 e.
571 1187 739 1227 inventum)
759 1191 916 1219 consilium
935 1190 1010 1218 est“.
1046 1189 1089 1218 Ne
1109 1191 1228 1228 quintus
1248 1199 1300 1227 pes
1319 1189 1432 1217 iambus

309 1243 356 1277 sit,
381 1242 488 1271 Luchs.
509 1241 640 1271 Studem.
660 1241 743 1270 Stud.
769 1242 783 1270 Ι
806 1252 834 1279 p.
856 1243 893 1270 55
919 1245 1048 1280 transp.:
1075 1240 1230 1276 „conditor
1252 1239 1368 1269 fictor“.
1392 1255 1432 1259 —

309 1291 412 1322 iurum
436 1295 465 1322 in
488 1293 511 1321 B
535 1293 648 1322 emend.
669 1308 710 1311 —
729 1294 800 1322 524.
825 1292 870 1320 Ex
887 1293 912 1321 A
931 1292 1049 1330 expleta
1073 1295 1117 1320 est
1140 1292 1245 1320 lacuna
1267 1295 1432 1320 ceterorum

309 1345 459 1380 codicum,
495 1354 553 1382 qua
583 1354 640 1372 non
671 1344 876 1372 animadversa
905 1343 971 1372 edd.
997 1347 1066 1371 ante
1089 1342 1272 1381 Geppertum
1296 1343 1432 1371 malleum

309 1395 465 1425 manubrio
499 1396 711 1434 sapientiorem
746 1395 854 1424 Plauto
888 1396 982 1423 visum
1017 1404 1080 1423 esse
1119 1395 1273 1432 putabunt.
1340 1394 1433 1422 Immo

309 1447 446 1476 malleum
470 1447 626 1475 manubrio
654 1447 789 1475 orbatum
820 1455 880 1474 rem
912 1446 956 1474 ait
979 1456 1042 1474 esse
1065 1446 1199 1475 inutilem
1223 1448 1254 1474 et
1277 1455 1336 1483 qua
1359 1444 1433 1473 nihil

310 1499 383 1527 scite
406 1501 458 1526 eut
481 1498 640 1526 artificiose
664 1499 726 1535 geri
750 1498 853 1536 possit.

397 1550 467 1578 525.
502 1549 614 1578 Novam
649 1558 765 1577 scenam
800 1549 868 1577 hinc
901 1548 991 1586 incipi
1026 1558 1084 1576 uon
1119 1548 1192 1576 satis
1222 1547 1435 1577 animadvertit

310 1601 451 1629 librarius
475 1601 539 1629 cod.
563 1600 601 1635 B,
636 1600 687 1628 sed
718 1600 905 1628 antecedenti
935 1600 1034 1627 versui
1065 1601 1196 1627 extremo
1220 1599 1354 1628 additum
1377 1599 1434 1627 fuit

313 1650 468 1687 „mulier“,
500 1654 605 1689 postea
628 1660 758 1687 erasum3
793 1651 918 1679 retinuit
941 1651 962 1678 Ι.
1020 1650 1150 1679 Advenit
1173 1653 1270 1679 nutem
1295 1650 1433 1688 Philippa

310 1705 404 1730 mater
427 1701 495 1731 filiae
518 1712 554 1730 ex
578 1702 745 1740 Periphnne
769 1702 838 1731 olim
857 1704 1008 1740 susceptae,
1032 1712 1120 1739 quam
1139 1711 1229 1740 quum
1247 1703 1276 1730 in
1293 1701 1433 1730 Thebano

310 1753 388 1782 bello
412 1756 528 1791 captam
553 1763 615 1782 esse
640 1753 778 1788 audierit,
807 1755 914 1781 timore
938 1752 1025 1790 plena
1048 1756 1163 1790 patrem
1187 1752 1292 1790 puellae
1316 1752 1432 1790 quaerit.

310 1804 516 1833 Lamentabile
546 1805 694 1833 canticum
720 1804 858 1833 trochaeis
882 1804 1076 1842 compositum
1101 1807 1148 1831 est
1170 1803 1350 1831 intermixtis
1373 1813 1433 1832 cre-

309 1856 390 1890 ticis3
421 1855 473 1884 sed
503 1855 661 1893 discriptio
684 1855 827 1884 versuum'
848 1856 876 1883 in
901 1855 923 1883 Β
947 1855 1058 1883 nullam
1082 1856 1200 1882 omnino
1222 1853 1310 1882 fidem
1336 1854 1433 1889 babet,

311 1907 340 1934 in
364 1907 389 1934 A
413 1917 564 1945 perpauca
587 1907 644 1944 legi
668 1909 841 1944 potuerunt.
899 1906 1008 1944 Incipit
1038 1909 1151 1941 nutem,
1186 1908 1220 1934 ut
1247 1905 1382 1941 videtur,
1417 1915 1434 1933 a

311 1958 404 1986 troch.
436 1959 604 1993 octonario;
641 1958 700 1986 526
736 1961 851 1986 constat
881 1967 914 1985 ex
944 1957 1069 1985 dimetro
1099 1956 1222 1986 iambico
1257 1960 1287 1986 et
1315 1957 1432 1986 cretico.

313 2010 458 2038 527—28
493 2010 659 2038 tetrumetri
694 2009 809 2044 cretici,
852 2009 910 2036 529
953 2008 1126 2037 bac-chineus
1160 2005 1198 2045 (si
1233 2008 1334 2036 hiatur
1366 2010 1434 2045 post

314 2058 512 2096 „mentem‘⁴),
547 2060 693 2088 530—34
718 2060 864 2088 octonarii
893 2059 1025 2091 iambici,
1060 2059 1204 2087 535—36
1234 2059 1328 2087 trocb.
1352 2062 1434 2087 octo·

311 2112 412 2140 uarius
426 2121 490 2140 cum
503 2112 682 2148 septenario,
709 2111 854 2139 537-38
874 2111 1040 2138 ictrumetri
1058 2111 1167 2146 cretici,
1191 2111 1251 2139 539
1265 2109 1434 2138 trochaicus
