1596 2478
142 190 178 220 ΙΙ,
196 190 220 220 3,
237 187 358 217 ΘΟ-ΙΙΙ,
377 188 393 214 8
629 186 791 212 Cistellaria.
1202 186 1254 215 11]

588 280 810 321 Lampadio

453 335 508 367 Dis
532 334 638 366 hercle
662 334 768 366 habeo
792 335 948 373 gratiam

142 391 223 423 Nam
247 392 279 422 ui
304 390 482 427 intellexes,
506 399 694 430 numquam,
719 389 826 426 credo,
850 389 1026 420 amitteres.

602 483 802 515 Melaenis

144 540 237 572 Nunc
261 539 339 570 mihi
362 539 467 570 bonae
491 541 662 569 necessust
684 547 754 569 esse
778 537 939 577 ingratiis,
1211 545 1262 569 460

145 593 350 634 Quamquam
375 603 445 624 esse
469 592 558 629 nolo3
583 603 649 623 rem
675 592 780 632 palam
806 602 876 622 esse
901 590 1064 630 intellego.

144 647 239 679 Nunc
262 650 390 687 egomet
414 648 523 687 potius
548 646 633 677 hanc
655 646 744 677 inibo
768 646 907 685 gratiam

145 702 193 733 Ab
217 701 292 739 illis,
317 711 413 742 quam
438 700 531 732 illaec
554 710 604 731 me
627 700 760 732 indicet.
806 699 864 731 Ibo
889 699 1020 730 domum

145 757 250 797 Atque
274 755 316 787 ad
340 759 492 796 parentes
515 754 693 786 redducam
719 754 892 786 Selenium.

458 1123 685 1156 MELAENIS.
732 1123 959 1156 SELENIUM.
1241 1121 1265 1153 C

604 1227 799 1259 Melaenis

150 1282 227 1313 Rem
252 1281 379 1313 elocuta
403 1292 473 1312 sum
498 1281 557 1312 tibi
581 1292 727 1319 omnem;
751 1291 897 1322 sequere,
923 1291 993 1312 mea
1017 1280 1189 1316 Selenium,
1215 1290 1265 1315 465

149 1335 190 1367 Ut
213 1346 335 1369 eorum.
359 1336 489 1377 quoiam
514 1346 584 1367 esse
608 1339 739 1376 oportet
762 1340 803 1372 te,
828 1336 871 1366 sis
895 1336 1005 1376 potius
1030 1346 1126 1375 quam
1150 1346 1231 1367 mea.

149 1389 352 1430 Quamquam
376 1390 481 1421 inuita
503 1393 536 1421 te
560 1390 686 1425 carebo,
717 1390 861 1420 animum
886 1400 944 1426 ego
968 1389 1121 1420 inducam
1145 1393 1264 1424 tamen,

151 1443 193 1475 Ut
215 1443 306 1478 illud.
331 1444 419 1485 quod
438 1449 527 1476 tuam
545 1446 577 1475 in
595 1455 660 1475 rem
681 1444 762 1476 bene
784 1443 955 1481 conducat,
978 1444 1070 1484 aequi
1087 1444 1264 1475 consulam.

149 1497 229 1529 Nam
261 1498 314 1529 hic
344 1498 522 1539 crepundia
544 1499 665 1533 insunt,
695 1498 889 1539 quibuscum
913 1502 945 1529 te
968 1498 1026 1529 illa
1049 1497 1125 1529 olim
1149 1498 1191 1528 ad
1216 1508 1265 1529 me

861 1552 990 1588 detulit,

150 1605 240 1643 Quae
263 1606 341 1637 mihi
365 1606 464 1643 dedit,
487 1610 642 1647 parentes
665 1610 698 1638 te
721 1609 757 1638 ut
780 1610 977 1647 cognoscant
999 1606 1136 1637 facilius.
1215 1615 1267 1640 470

148 1661 266 1701 Accipe
290 1660 374 1692 hanc
397 1660 566 1698 cistellam,
591 1661 733 1692 Halisca.
780 1662 846 1701 Age
865 1660 942 1691 dum
961 1660 1054 1701 pulta
1072 1660 1146 1691 illas
1168 1661 1264 1692 fores.

148 1714 217 1753 Dic,
241 1725 291 1746 me
315 1725 420 1752 orare,
443 1719 480 1746 ut
501 1715 622 1756 aliquis
646 1716 734 1747 intus
758 1715 897 1756 prodeat
919 1725 1057 1756 propere
1080 1716 1179 1746 ocius.

232 1869 283 1893 459
300 1868 483 1894 intellexisses
503 1868 531 1894 E
629 1869 756 1895 amittere
775 1869 795 1895 Ι
892 1870 942 1894 460
961 1874 1093 1895 Προοοεεί
1111 1874 1126 1896 ἓ
1144 1870 1161 1896 1

150 1919 209 1936 esse
229 1918 279 1936 om.
297 1910 324 1936 B
393 1911 511 1943 ingratis
577 1913 626 1937 463
646 1911 708 1937 illec
727 1911 761 1944 E,
782 1912 838 1937 illic
857 1912 877 1938 Ι
943 1913 993 1938 464
1012 1912 1115 1938 reduco
1133 1911 1169 1943 B,
1188 1913 1267 1938 redu·

150 1961 211 1978 cam
229 1952 276 1979 ΙΕ
369 1953 460 1980 Τιίιιὶο
478 1953 578 1980 LENA
598 1954 705 1980 addunt
721 1954 804 1987 BIE,
824 1954 1017 1980 MERETRIX
1034 1953 1093 1981 ΒΕ
1179 1956 1266 1988 Sele-

150 1997 239 2027 nium
259 2011 309 2030 om.
327 2005 349 2030 Ι
411 2005 430 2031 C
449 2013 498 2031 om.
517 2004 564 2031 ΒΙ
631 2006 682 2032 465
701 2008 764 2031 sunt
782 2006 820 2031 ibi
838 2006 868 2032 Ε
938 2015 981 2031 me
1000 2014 1060 2032 mea
1096 2007 1220 2033 selemim
1238 2007 1269 2033 E

149 2048 200 2073 466
219 2047 392 2080 quorumiam
402 2048 423 2073 Ι
496 2049 546 2074 467
566 2048 683 2074 inuitare
694 2048 723 2074 E
800 2048 922 2075 indicam
932 2048 959 2074 Β
968 2056 1002 2075 m.
1010 2057 1053 2082 pr.
1129 2050 1180 2075 468
1199 2050 1267 2075 illud

151 2098 234 2123 quam
252 2092 330 2115 tuam
342 2089 398 2116 BE
466 2091 547 2124 aequi
566 2099 614 2117 om.
685 2092 736 2117 469
754 2091 871 2123 repudia
889 2092 918 2117 E
991 2091 1091 2125 quibus
1110 2101 1194 2125 quom
1211 2092 1271 2118 ΒΕ

151 2133 244 2158 tetulit
262 2132 289 2158 Β
357 2134 408 2159 470
426 2138 458 2159 ut
476 2137 504 2159 te
522 2133 550 2159 B
618 2135 665 2159 471
686 2134 735 2160 has
755 2134 836 2160 liscas
855 2134 912 2160 BE
