1596 2478
141 190 188 221 111.
206 191 230 222 2.
251 190 384 216 161—168
612 187 788 213 Mostellaria.
1195 187 1252 217 127

646 281 749 313 Simo

139 327 236 359 Aedis
260 326 341 358 dico.

546 383 851 424 Theopropides

385 438 470 477 Ergo
493 438 578 469 intro
603 447 641 468 eo
665 437 764 477 igitur
788 437 856 468 sine
881 436 1083 476 perductore.

642 513 746 545 Simo

1124 555 1148 593 1,
1170 555 1255 587 licet.

547 616 849 657 Theopropides

140 673 197 704 Ibo
220 673 307 704 intro
330 672 438 712 igitur.

621 731 769 762 Tranio

447 785 542 816 Mane
566 786 610 816 sis
634 785 773 822 uideam,
797 795 836 815 ne
861 785 961 816 cauis.

547 844 858 885 Theopropides

1005 898 1148 938 Agedum
1174 898 1257 929 uide.

623 958 777 990 Tranio

141 1015 186 1053 St,
210 1016 272 1053 abi,
297 1014 395 1046 canis.
447 1013 493 1050 St,
518 1013 571 1044 abi
597 1013 750 1044 dierecta.
805 1012 850 1050 St,
883 1012 958 1044 abin
983 1012 1058 1043 hinc
1082 1013 1114 1043 in
1140 1011 1257 1043 malam

854 1066 1002 1097 crucem?

556 1126 630 1158 The
639 1125 850 1166 opropides

140 1173 183 1203 At
206 1173 306 1203 etiam
328 1174 440 1202 restat.

626 1229 772 1261 Tranio

442 1285 489 1323 St,
513 1284 568 1316 abi
589 1284 697 1316 istinc.

646 1354 753 1387 Simo

669 1409 757 1440 Nihil
782 1408 895 1449 pericli
920 1412 986 1446 (θεῖς
1010 1419 1069 1449 age
1093 1408 1192 1439 modo.
1212 1418 1262 1443 835

141 1464 220 1496 Tam
239 1464 370 1505 placida
388 1469 438 1495 est
455 1475 553 1505 quam
572 1468 621 1495 est
639 1474 739 1504 aqua3
763 1462 910 1504 quamuis
932 1463 978 1493 ire
997 1463 1084 1494 iutro
1104 1463 1263 1495 audacter

855 1516 942 1548 licet.

144 1573 190 1604 Eo
214 1583 273 1613 ego
297 1573 370 1604 binc
393 1573 433 1603 ad
458 1572 572 1604 forum.

550 1631 857 1673 Theopropides

639 1687 755 1718 Fecisti
783 1685 961 1717 commode.
1008 1685 1095 1717 Bene
1119 1685 1261 1717 ambula.

144 1742 274 1775 Tranio.
298 1752 357 1780 age
381 1751 493 1772 canem
518 1741 617 1772 istam
641 1751 660 1772 a
683 1740 809 1771 foribus
834 1738 950 1780 aliquis
973 1739 1116 1771 abducat
1139 1739 1217 1777 face,

148 1796 217 1826 Etsi
242 1806 305 1826 uon
330 1795 504 1826 metuenda
528 1798 586 1826 est.

212 1915 264 1940 832
282 1914 309 1939 S.
329 1913 396 1939 Adis
416 1914 479 1940 dieo
498 1933 607 1940 .......
626 1913 660 1940 Η.
679 1921 745 1947 ergo
768 1913 801 1946 B,
822 1913 881 1939 adis
901 1912 973 1939 dieo.
993 1912 1070 1946 Ergo
1090 1912 1112 1939 0
1213 1913 1263 1939 833

146 1957 232 1990 igitur
250 1959 293 1982 est·
362 1966 442 1982 mane
461 1957 497 1982 sis
517 1960 549 1983 ut
566 1957 675 1982 uideam
697 1956 720 1983 0
786 1956 859 1982 unde
925 1956 975 1981 834
994 1955 1045 1981 Est
1063 1955 1106 1981 abi
1126 1955 1202 1981 canis
1222 1959 1265 1981 est

146 1998 202 2025 TR.
222 2000 267 2024 abi
286 1998 313 2025 B
382 2000 504 2026 diei-ecte
524 1999 545 2026 G
613 2003 655 2025 est
725 1999 790 2025 hinc
810 1999 908 2024 malam
929 2007 1021 2024 rucem
1042 1998 1064 2024 O
1126 2000 1176 2025 835
1194 1998 1262 2024 Per-

146 2049 277 2068 sonarum
295 2042 407 2069 nomimz
426 2044 528 2069 omissa*
588 2045 677 2068 restas
698 2041 719 2068 C
779 2044 821 2067 est
883 2041 1001 2066 abistinc
1018 2040 1046 2067 B
1109 2043 1194 2067 modo
1212 2049 1262 2067 om.

147 2085 196 2110 836
215 2093 295 2118 quam
307 2093 426 2118 ..aqua.
439 2086 544 2111 uis-ire
554 2085 588 2112 Β,
607 2093 689 2118 quam
709 2084 767 2110 feta
786 2093 840 2118 qua
858 2084 901 2109 uis
921 2084 978 2109 eire
998 2083 1020 2109 O
1135 2083 1185 2109 837
1203 2083 1264 2117 Ego

148 2127 218 2153 abeo
237 2127 263 2152 A
331 2128 381 2153 838
400 2128 499 2161 aliquis
518 2135 566 2154 om.
