1596 2478
138 173 158 200 Ι.
179 175 203 205 2,
223 175 308 200 9-25
637 174 779 208 Epidicus.
1227 181 1264 209 15

547 268 855 309 Stratippocles

136 321 224 353 Nihil
248 322 326 362 agit,
349 323 406 363 qui
431 321 632 354 diffidentem
658 322 768 354 uerbis
793 323 918 354 solatur
942 325 1023 362 suis;

135 375 167 406 Is
186 378 237 407 est
253 376 387 413 amicus,
413 377 467 417 qui
486 376 516 407 in
536 386 571 407 re
591 375 693 407 dubia
712 386 745 407 re
765 377 866 414 iuuat,
887 377 942 408 ubi
960 388 995 409 re
1015 381 1063 409 est
1081 389 1172 419 opus.
1217 388 1264 413 115

562 428 836 461 Chaeribulus

137 481 220 519 Quid
244 482 304 514 tibi
329 493 379 514 me
405 483 455 514 uis
479 482 608 515 facere?

546 536 852 577 Stratippocles

641 591 776 630 Argenti
801 590 879 623 dare
903 592 1124 632 quadraginta
1148 594 1262 626 minas.

135 642 228 681 Quod
253 643 403 676 danistae
429 644 533 684 detur,
558 643 642 675 unde
667 655 726 685 ego
751 644 832 676 illud
857 646 980 686 sumpsi
1005 645 1148 678 faenore.

563 696 834 730 Chaeribulus

137 750 169 782 Si
194 750 303 782 hercle
328 750 493 791 haberem,
518 761 579 783 ozon
602 761 754 791 νημαι-θυι.

543 805 849 847 Stratippocles

745 859 830 891 Nam
853 860 931 901 quid
955 864 987 892 te
1011 861 1111 901 igitur
1133 862 1261 894 rettulit

133 912 319 944 Beneficum
339 923 409 944 esse
429 913 587 950 oratione,
613 914 640 944 si
661 913 703 944 ad
720 924 787 945 rem
808 913 965 945 auxilium
985 918 1170 947 emortuum
1190 917 1263 947 est?

560 966 832 999 Chaeribulus

133 1020 216 1058 Quin
242 1020 358 1061 edepol
382 1024 512 1061 egomet
536 1021 678 1052 clamore
699 1020 871 1061 defatigor,
896 1021 1036 1054 differor.
1213 1033 1262 1058 120

543 1074 849 1115 Stratippocles

130 1128 240 1160 Malim
266 1129 452 1160 istiusmodi
478 1129 556 1160 mihi
581 1129 703 1160 amicos
728 1128 825 1160 furno
849 1140 975 1161 mersos
1000 1140 1099 1171 quam
1123 1130 1202 1162 foro.

131 1182 194 1214 Sed
220 1193 352 1223 operam
377 1181 506 1222 Epidici
530 1191 616 1214 nunc
640 1193 691 1214 me
716 1193 823 1214 emere
848 1184 953 1223 pretio
979 1185 1125 1224 pretioso
1149 1185 1259 1223 uelim,

130 1235 231 1274 Quem
257 1237 389 1277 quidem
420 1245 479 1275 ego
509 1235 673 1268 hominem
698 1237 870 1276 irrigatum
895 1237 1001 1278 plagis
1026 1238 1141 1278 pistori
1166 1239 1262 1275 dabo,

128 1287 198 1319 Nisi
223 1287 321 1319 hodie
346 1290 437 1330 prius
462 1291 680 1331 comparassit
704 1291 783 1322 mihi
807 1291 1030 1331 quadraginta
1054 1293 1168 1331 minas,

128 1341 230 1379 Quam
255 1344 382 1383 argenti
408 1343 499 1375 fuero
524 1344 674 1376 elocutus
700 1345 728 1376 ei
754 1350 955 1385 postremam
981 1346 1152 1386 syllabam.
1212 1357 1260 1381 125

595 1398 794 1439 Epidicus

129 1448 229 1480 salua
251 1461 304 1482 res
328 1455 395 1490 est3
419 1451 501 1483 bene
526 1453 706 1493 promittit;
731 1463 837 1493 spero,
862 1453 1010 1484 seruabit
1032 1452 1144 1490 fidem.

129 1502 204 1535 Sine
227 1514 300 1536 meo
325 1509 457 1546 sumptu
481 1510 618 1546 paratae
642 1507 706 1538 iam
734 1510 812 1538 sunt
836 1507 982 1546 scapulis
1006 1507 1182 1548 symbolae.

127 1557 310 1598 Adgrediar
339 1558 514 1591 homiuem.
567 1560 802 1592 Aduenientem
835 1571 972 1601 peregre
1001 1572 1092 1593 erum
1117 1561 1258 1603 Stratip-

847 1615 975 1655 poclem

126 1665 268 1706 lnpertit
292 1666 399 1698 salute
423 1677 538 1698 seruos
562 1667 728 1708 Epidicus.

541 1720 844 1762 Stratippocles

766 1775 829 1808 Ubi
852 1775 880 1808 is
906 1777 978 1808 est‘?

591 1837 790 1878 Epidicus

1021 1881 1133 1913 Adest.

125 1919 257 1952 Saluom
281 1924 314 1953 te
338 1921 512 1953 aduenisse
536 1939 577 1943 —

194 2026 243 2051 117
261 2025 345 2052 datur
432 2027 480 2052 118
499 2026 638 2052 haberem.
659 2026 959 2054 STRATIPPOCLES
980 2027 1049 2054 Nam
1136 2030 1184 2055 120
1202 2029 1254 2055 dif-

123 2066 198 2093 feror
217 2067 362 2101 diffatigor
440 2070 484 2094 121
506 2077 618 2095 mensos
699 2070 747 2096 126
766 2069 840 2096 idem
921 2071 968 2096 128
987 2079 1066 2096 erum
1086 2079 1164 2097 suum
1185 2076 1253 2098 stra-

122 2110 267 2144 tippoclen
286 2110 314 2137 Β
385 2112 434 2137 129
453 2110 536 2137 salua
555 2112 680 2145 impertit
752 2113 801 2138 130
821 2116 848 2138 te
868 2112 976 2146 gaudeo
996 2113 1050 2139 huc
1070 2113 1218 2140 aduenisse
