1596 2478
631 185 664 211 V.
686 185 826 211 121—160.
1238 185 1296 215 135

172 285 231 314 158
255 286 429 312 tetrameter
451 282 636 311 bacchiacus.
687 283 744 310 159
769 283 944 310 tetrameter
961 281 1097 309 creticus.
1148 280 1206 308 160
1232 289 1300 308 con-

169 338 228 364 stat
250 345 286 363 ex
309 334 436 362 iambico
459 333 694 371 penthemimere
718 333 762 361 bis
786 333 926 370 repetito.

258 386 326 414 144.
352 385 520 414 Cleostrata
548 385 626 413 senis
649 394 726 413 uxor
750 384 819 412 dum
843 384 970 412 vicinam
993 383 1094 411 visura
1117 382 1205 410 domo
1229 382 1297 416 exit,

168 437 282 465 ancillis
301 437 438 474 imperat,
463 438 496 464 ut
515 435 596 463 cellis
615 435 745 472 penariis
769 435 933 471 obsignatis
956 434 1076 462 anulum
1099 433 1298 470 signatorium

169 488 225 517 sibi
248 488 387 516 referant.
442 487 483 516 Cf.
507 486 594 525 Epid.
621 487 697 515 309:
737 486 914 522 „obsignato
937 484 1098 514 armario“.
1144 483 1298 521 Aristoph.

170 539 239 576 Lys.
268 540 358 568 1198.
412 538 528 567 Thesm.
554 539 625 566 415.
664 551 700 556 —
746 537 814 565 146.
850 537 985 565 Alterum
1015 544 1062 565 me
1092 545 1158 564 cum
1186 537 1212 563 A
1241 544 1297 563 om.

169 589 264 629 Gepp.
289 589 426 618 Ceterum
449 590 476 618 A
503 586 691 622 arces-satis,
729 589 820 617 ceteri
849 592 883 616 ut
911 588 1010 616 solent.
1042 584 1250 623 „accersatis“‚
1276 585 1298 613 B

172 639 381 677 ,‚arcersatis“.
406 655 443 661 —
479 642 548 669 147.
579 638 619 669 Εἴ
645 641 679 669 A.
710 655 748 660 —
788 640 856 668 151.
888 639 1025 677 Spengel.
1050 637 1299 667 Reformvorschl.

170 702 199 730 p.
231 693 291 721 228
325 692 508 721 trochaicum
544 692 762 729 septenarium,
797 691 880 719 cuius
915 694 984 718 ante
1018 699 1160 718 caesuram
1194 689 1300 716 lacuna

169 744 332 772 trochaeum
367 743 516 779 hauserit,
558 752 620 771 esse
652 742 738 779 dicit,
774 742 887 770 mavult
917 745 1018 770 tamen
1051 751 1116 769 cum
1147 740 1300 778 Gepperto

169 805 287 823 versum
318 796 348 823 in
376 797 438 823 tres
466 794 651 831 dispescere,
685 797 719 822 ut
749 796 883 822 extrema
910 801 984 828 „ego
1007 792 1090 820 illum
1116 792 1208 825 fame,
1244 799 1300 826 ego

170 847 253 874 illum
288 845 357 874 siti“
395 845 514 874 iambici
547 846 724 873 monometri
759 845 827 873 sint.
895 844 982 879 Quod
1014 844 1146 880 priorem
1184 845 1300 880 partem

172 895 353 934 (‚‚flagitium
377 897 450 925 illud
474 894 635 933 hominis“)
655 897 788 934 spuriam
812 895 912 930 habet,
936 894 1064 933 probare
1088 903 1146 921 non
1168 902 1299 930 possum.

171 964 213 968 -—-
239 950 307 977 153.
336 948 421 987 „pol‘”
449 949 549 977 omisit
567 948 627 985 Sp..
651 953 685 976 ut
708 949 886 976 tetrameter
907 945 1081 975 bacchiacus
1104 945 1152 973 sit.
1169 959 1207 963 —-
1232 944 1300 972 155.

171 998 366 1029 Acheruntis
388 996 553 1036 pabulum,
583 998 653 1027 Orci
677 999 836 1033 victimam,
866 1000 901 1025 ut
925 997 1030 1025 Horat.
1056 995 1110 1024 Od.
1135 996 1173 1031 11,
1198 996 1225 1030 3,
1252 994 1300 1023 24.

170 1066 210 1070 ——
227 1053 296 1080 156.
320 1047 354 1079 F
355 1049 445 1088 laqiti
450 1048 700 1087 persequentem,
725 1051 744 1079 i.
757 1060 781 1078 e.
795 1052 983 1083 sectatorem,
1003 1058 1030 1076 v.
1045 1048 1082 1076 ad
1095 1047 1215 1075 Trucnl.
1232 1047 1301 1074 143.

171 1103 368 1131 Accusativus
407 1103 537 1131 refertur
576 1101 614 1130 ad
657 1102 804 1130 obiectum
844 1100 979 1129 auditum
1018 1099 1104 1127 verbi
1145 1096 1301 1134 „faciam“.

172 1153 279 1192 Speng.
306 1151 538 1191 ‚‚persequens“,
567 1153 620 1181 sed
644 1153 709 1190 ipsa
732 1161 790 1181 vox
816 1153 867 1181 vix
897 1161 967 1180 vera
996 1153 1049 1179 est.
1074 1165 1116 1170 ——-
1147 1150 1218 1178 157.
1241 1148 1302 1177 sta-

173 1201 292 1240 bulum,
317 1206 347 1233 in
372 1215 430 1243 quo
454 1205 589 1242 nequitia
612 1204 745 1239 habitat,
769 1215 795 1232 v.
819 1203 858 1232 ad
880 1203 962 1231 Pers.
989 1203 1061 1231 417.
1086 1216 1128 1220 -
1154 1201 1212 1229 158
1237 1210 1301 1238 sqq.

173 1266 209 1285 ex
232 1257 257 1284 A
287 1256 370 1285 editi.
394 1256 527 1284 Primum
556 1265 675 1284 versum
699 1255 894 1284 Studemund.
915 1253 1058 1282 Zeitschr.
1076 1253 1096 1281 f.
1118 1251 1303 1289 Gymnasial-

173 1317 269 1336 wesen
296 1308 376 1336 1864
400 1317 428 1345 p.
453 1308 514 1336 54ss
544 1317 580 1335 ex
603 1306 732 1334 dimetro
755 1306 882 1334 iambico
907 1305 1081 1334 catalectico
1104 1303 1150 1331 bis
1173 1304 1304 1340 repetita

175 1362 311 1387 constare
335 1359 385 1387 ait.
415 1374 458 1377 —
490 1359 558 1387 160.
592 1365 652 1394 per
676 1358 811 1394 tempus,
843 1359 1013 1394 opportuno
1036 1358 1181 1392 tempore,
1214 1364 1242 1383 v.
1266 1353 1305 1382 ad

175 1409 264 1439 Poen.
291 1410 360 1438 135.
406 1410 481 1445 Quia
504 1410 628 1438 amicam
653 1409 855 1446 egredientem
879 1407 971 1443 videt,
994 1409 1118 1435 veretur
1139 1416 1176 1434 ne
1198 1414 1304 1444 parum

174 1464 346 1500 opportuno
370 1464 504 1498 tempore
527 1461 657 1495 venerit,
688 1464 718 1489 et
747 1470 806 1497 quo
830 1469 889 1488 non
912 1459 986 1487 satis
1009 1457 1046 1486 ad
1071 1456 1304 1494 colloquendum

175 1513 228 1541 otii
251 1516 337 1542 esset.

282 1563 354 1591 Exit
387 1563 558 1600 Myrrhina3
607 1564 755 1591 canticum
795 1562 996 1590 continuatur.
1073 1560 1142 1588 161.
1178 1559 1306 1587 dimeter

176 1616 386 1652 anapaesticus.
456 1615 515 1643 162
549 1616 724 1642 tetrameter
758 1614 962 1651 anapaesticus.
1030 1612 1088 1640 163
1129 1612 1306 1639 tetrameter

177 1667 313 1694 creticus.
363 1667 421 1695 164
450 1666 593 1694 iambicus
623 1665 758 1693 dimeter.
815 1666 872 1693 165
899 1663 1097 1702 anapaesticus
1119 1664 1328 1690 tetrameter:

179 1717 237 1745 166
263 1719 380 1746 constat
403 1727 439 1746 ex
466 1716 701 1754 penthemimere
730 1717 856 1745 iambico
885 1716 1013 1753 repetito
1043 1711 1090 1750 (ut
1115 1711 1197 1747 160).
1246 1713 1305 1740 167

176 1771 351 1797 tetrameter
380 1770 514 1797 creticus.
575 1769 634 1797 168
669 1769 852 1806 compositus
882 1777 917 1794 ex
946 1765 1061 1794 duobus
1089 1764 1247 1801 anapaestis
1276 1766 1307 1791 et

176 1820 408 1858 penthemimere
431 1820 572 1854 iambico,
604 1820 662 1848 169
688 1829 724 1847 ex
747 1818 863 1847 duobus
892 1817 1009 1846 creticis
1038 1819 1069 1844 et
1097 1815 1212 1844 duobus
1236 1824 1306 1843 ana·

177 1872 286 1908 paestis.
324 1872 382 1900 170
402 1874 520 1899 constat
537 1881 573 1899 ex
591 1870 707 1898 duobus
724 1869 840 1905 iambis,
858 1869 977 1903 cretico,
1003 1867 1119 1896 duobus
1137 1867 1306 1904 anapaestis.

181 1924 238 1952 171
275 1926 306 1951 et
341 1924 378 1951 72
413 1922 556 1951 trochaici
590 1921 763 1959 septenarii.
823 1921 880 1949 173
916 1921 1092 1947 tetrameter
1120 1917 1307 1946 bacchiacus.

181 1975 325 2003 174-82
350 1974 516 2002 tetrametri
540 1974 651 2001 cretici.
710 1973 768 2001 183
797 1970 965 2000 trochaicus
993 1969 1188 2007 septenarius.
1248 1968 1307 1996 184

179 2027 376 2063 anapaesticus
399 2025 528 2053 dimeter
551 2034 616 2052 cum
640 2023 756 2052 duobus
780 2022 907 2051 creticis.
968 2021 1112 2049 185-88
1135 2019 1309 2047 tetrametri

180 2077 292 2105 cretici.
336 2077 394 2104 189
413 2076 619 2113 anapaesticus.
658 2075 716 2103 190
742 2083 830 2111 anap.
850 2073 978 2100 dimeter
998 2071 1200 2100 catalecticus.
1249 2070 1305 2098 191

179 2137 266 2165 anap.
281 2128 415 2156 dimeter.
454 2127 599 2155 192—94
618 2135 705 2163 anap.
718 2124 897 2153 tetrametri.
936 2123 1080 2152 195—96
1100 2121 1202 2150 cretici
1218 2123 1310 2148 tetra-
