1596 2478
338 221 378 251 50
843 217 934 246 Plauti
1236 218 1261 244 ΙΙ
1267 219 1286 250 1,
1305 219 1330 250 5,
1351 219 1448 244 18——22

774 312 800 343 L
807 323 825 353 y
836 313 897 344 sid
905 323 962 345 am
970 324 990 345 u
997 324 1012 344 s

1202 354 1364 397 Quidquid
1387 360 1447 392 est,

339 410 496 451 Eloquere
521 409 596 440 mihi
620 410 691 440 cito.

774 468 1011 500 Pardalisca

726 521 862 554 Contine
888 527 1009 563 pectus,

338 577 420 608 Face
445 581 585 614 uentum,
609 575 735 611 amabo.
760 575 870 617 pallio.

776 647 1011 688 Lysidamus

902 700 1013 732 Timeo
1039 701 1098 731 hoc
1122 701 1230 741 negoti
1253 701 1332 741 quid
1355 702 1426 736 siet,

337 755 406 787 Nisi
430 755 510 786 haec
535 755 672 786 meraclo
697 766 730 786 se
754 755 878 796 uspiam
906 756 1065 794 percussit
1086 754 1165 785 flore
1190 754 1305 787 Liberi.
1397 763 1450 788 615

774 825 1011 857 Pardalisca

423 879 542 921 Optine
566 880 662 917 auris,
685 879 811 911 amabo.

769 950 1010 991 Lysidamus

865 1004 878 1034 I
902 1005 933 1035 in
958 1004 1075 1036 malam
1092 1014 1234 1047 crucem.

423 1058 547 1097 Pectus,
570 1059 666 1093 auris.
691 1064 790 1099 caput
813 1064 909 1099 teque
933 1059 964 1090 di
990 1058 1154 1099 perduint!

422 1112 504 1144 Nam
529 1113 589 1144 nisi
615 1124 652 1144 ex
677 1117 708 1144 te
733 1114 809 1150 scio,
833 1113 992 1155 quidquid
1018 1112 1077 1143 hoc
1100 1116 1158 1147 est,
1183 1113 1257 1147 cito,

422 1166 488 1197 Iam
513 1165 572 1198 tibi
597 1167 681 1198 istuc
705 1167 871 1198 cerebrum
896 1166 1135 1207 dispercutiam,
1160 1170 1290 1197 excetra
1313 1171 1357 1200 tu.

340 1220 505 1257 Ludibrio,
529 1231 688 1260 pessuma,
713 1220 819 1252 adhuc
842 1230 925 1261 quae
950 1231 999 1251 me
1024 1220 1175 1251 habuisti.

775 1291 1013 1323 Pardalisca

896 1345 958 1376 Ere
982 1346 1032 1384 mi,

775 1404 826 1445 Ly
835 1406 866 1436 si
876 1405 894 1436 d
904 1416 923 1436 a
931 1415 960 1435 m
969 1416 988 1436 u
998 1416 1012 1436 s

956 1458 1038 1495 Quid
1065 1459 1122 1495 uis,
1147 1468 1218 1489 mea
1241 1457 1381 1490 ancilla?
1400 1465 1451 1492 ew

776 1529 1013 1561 Pardalisca

423 1583 563 1614 Nimium
588 1584 705 1616 saeuis.

770 1637 1010 1679 Lysidamus

748 1691 888 1723 Numero
912 1691 1001 1723 dicis,

423 1745 486 1776 Sed
510 1745 578 1783 hoc,
602 1745 754 1786 quicquid
779 1750 838 1780 est,
863 1745 1023 1785 eloquere3
1049 1745 1079 1775 in
1107 1754 1209 1785 pauca
1231 1744 1352 1781 confer,

423 1799 507 1836 Quid
532 1800 619 1830 intus
645 1799 774 1830 tumulti
799 1800 883 1830 suit?

775 1870 1013 1902 Pardalisca

921 1923 1039 1962 Scibis;
1063 1923 1148 1954 audi.

406 2026 454 2049 613
474 2025 528 2050 cito
548 2025 647 2050 ancilla
665 2025 776 2051 contine
796 2026 813 2051 Ι
891 2026 941 2050 614
961 2025 1102 2058 negotium
1122 2023 1196 2050 ΒΙΕ
1270 2024 1334 2057 quid
1354 2028 1368 2050 6
1387 2023 1448 2055 BE,

338 2067 446 2099 quidem
468 2067 485 2093 I
618 2068 668 2092 615
686 2076 760 2093 mera
778 2068 855 2099 glose
875 2068 978 2099 uspiam
1000 2068 1136 2100 percursit
1276 2067 1359 2092 libico
1380 2065 1451 2092 BIE

337 2110 386 2135 618
406 2110 457 2135 hoc
478 2116 547 2135 avito
568 2109 640 2136 BJE
706 2112 756 2135 612»
774 2111 932 2144 «lnspertiani
952 2110 997 2135 IE
1061 2115 1186 2134 ext-cram
1206 2109 1267 2141 BE,
1287 2115 1414 2135 exea-retu
1433 2109 1450 2135 Ι

337 2153 384 2176 621
407 2161 478 2177 ueuis
549 2152 618 2177 Num
639 2153 703 2178 hero
723 2153 739 2178 1
805 2153 856 2177 622
875 2153 985 2185 loquere
1056 2151 1126 2178 refer
1144 2151 1217 2178 BIE
