1596 2478
320 211 376 241 108
829 210 917 237 Plauh
1233 211 1270 241 11,
1287 212 1311 243 3,
1330 212 1430 238 42-53

762 304 984 345 Lampadio

317 357 491 396 Seruatum
515 357 570 388 sed
594 357 691 389 illaec
713 368 747 390 se
771 358 933 398 quandam
958 359 1050 391 aibat
1073 359 1239 391 mulierem

315 412 414 443 Suam
438 411 685 442 beneuolentem
709 413 883 444 conuenire
906 413 1004 444 etiam
1028 413 1129 454 prius,
1379 422 1430 448 420

315 464 492 496 Commune
516 475 654 506 quacum
677 465 711 497 id
735 470 822 497 esset
844 466 906 498 sibi
929 467 1113 507 negotium3

315 519 357 550 Et
380 519 456 557 scio,
480 523 662 551 uenturam.

771 579 968 611 Melaenis

713 633 763 664 Me
786 633 955 673 indicabit,
977 640 1011 666 et
1034 645 1110 666 suas

314 742 363 772 Ad
386 751 476 772 meas
501 741 647 772 miserias
671 741 754 773 alias
777 742 893 773 faciem
917 743 1090 774 consciam.

732 811 1006 845 Phanostrata

315 865 398 903 Quid
424 876 510 897 nunc
532 867 582 897 uis
605 867 713 898 facere
737 866 809 898 me?

760 937 985 978 Lampadio

762 991 852 1023 Intro
875 992 930 1023 abi
954 997 1054 1033 atque
1077 992 1185 1024 animo
1209 991 1294 1023 bono
1317 1002 1360 1023 es.
1379 1000 1429 1026 425

314 1045 372 1076 Uir
395 1048 470 1077 tuus
494 1046 521 1077 si
545 1045 663 1085 ueniet,
686 1045 762 1077 iube
785 1045 872 1077 domi
896 1046 1082 1087 opperirier,

314 1098 362 1131 Ne
386 1099 420 1130 in
443 1100 634 1140 quaestione
659 1099 738 1131 mihi
762 1100 818 1138 sit,
840 1101 867 1131 si
891 1100 968 1141 quid
993 1111 1066 1131 eum
1090 1100 1197 1131 uelim.

315 1153 382 1193 Ego
405 1153 446 1184 ad
470 1164 567 1185 anum
590 1164 720 1186 recurro
743 1165 882 1186 rursum.

732 1231 756 1263 P
763 1232 783 1263 h
792 1241 811 1262 a
819 1241 839 1262 n
848 1242 866 1263 o
875 1241 890 1263 s
899 1235 912 1262 t
919 1241 962 1262 ra
970 1235 984 1263 t
992 1241 1011 1263 a

923 1285 1112 1326 Lampadio,
1135 1285 1282 1323 obsecro,

314 1338 409 1370 Cura.

762 1394 787 1425 L
794 1404 814 1425 a
822 1404 850 1424 m
859 1405 879 1434 p
888 1404 908 1425 a
915 1393 933 1424 d
944 1394 980 1425 io

441 1446 622 1479 Perfectum
647 1458 706 1488 ego
732 1447 792 1479 hoc
816 1447 900 1479 dabo
924 1449 1098 1488 negotium.

733 1524 867 1557 Phano
877 1529 1010 1557 strata

315 1577 401 1610 Deos
423 1582 520 1618 teque
543 1589 648 1619 spero.

758 1645 979 1686 Lampadio

691 1699 830 1731 Eosdem
855 1709 930 1738 ego3
954 1703 988 1730 tu
1013 1698 1112 1730 abeas
1136 1698 1275 1730 domum.
1380 1706 1431 1731 430

771 1775 970 1808 Melaenis

316 1830 522 1869 Adulescens,
545 1831 640 1862 adsta
663 1834 760 1871 atque
784 1830 869 1861 audi.

765 1907 815 1938 La
825 1918 851 1937 m
862 1907 980 1947 padio

919 1961 1001 1994 Men,
1027 1961 1147 1992 mulier,
1173 1963 1295 1991 uocas?

400 2066 450 2090 419
469 2064 562 2090 aiebat
639 2064 689 2089 422
707 2062 841 2088 iudicauit
915 2063 965 2088 423
983 2062 1082 2088 lamma
1100 2069 1153 2087 non
1171 2061 1310 2087 indicatur
1379 2062 1428 2086 ⁴921

315 2107 416 2134 faciam
430 2107 450 2133 I
506 2107 556 2132 426
575 2105 708 2139 operirier
717 2104 780 2134 BE,
800 2105 923 2138 operit-er
938 2105 957 2131 I
1013 2106 1061 2131 427
1080 2104 1108 2130 in
1125 2111 1174 2130 om.
1237 2103 1393 2137 quaestioni
1403 2103 1427 2133 1.

315 2158 385 2183 quac
403 2149 520 2175 ationem
539 2147 574 2181 B,
594 2148 768 2182 questionem
787 2147 816 2174 Ε
882 2149 932 2174 430
951 2156 1003 2181 ego
1022 2147 1062 2173 nti
1081 2147 1183 2173 habeas
