1596 2478
641 648 803 676 Errata.

158 735 190 763 P.
230 736 266 764 19
292 746 318 763 ν.
345 735 405 763 230
429 733 630 762 scribendum:
655 731 761 767 satist,
787 740 882 769 uxor3

168 803 178 808 -
223 787 261 815 30
286 796 347 814 var.
372 786 474 823 script.
503 786 561 814 365
587 784 691 813 scrib.:
716 783 800 821 Auge
825 794 898 812 caue
921 780 996 818 BE,

168 853 179 859 —
222 838 259 865 39
284 846 310 865 v.
336 837 398 864 472
422 836 527 864 Βατίδα
552 833 691 874 lopadas

168 904 179 910 -
222 888 259 916 61
286 897 313 916 v.
339 888 399 916 742
423 887 527 915 scrib:
553 884 661 915 serio?

167 953 179 958 -
221 939 261 967 64
285 948 311 967 v.
338 939 398 966 776
427 938 531 966 scrib:
569 934 610 966 ab
634 935 735 966 nobis.
827 937 861 965 In
885 947 948 966 var.
972 938 1075 975 script.
1101 937 1283 966 addendum:

314 990 372 1017 776
398 999 414 1017 a

165 1055 177 1060 -
218 1041 256 1069 67
281 1051 308 1069 v.
334 1041 394 1068 800
419 1040 524 1068 scrib.:
548 1038 689 1069 risuram

166 1106 176 1110 -
219 1092 257 1120 84
282 1101 329 1120 vv.
355 1092 480 1120 26—27
505 1093 546 1120 sic
570 1091 742 1120 scribenda:

285 1138 333 1180 [Si
357 1139 442 1170 idem
466 1139 555 1170 istud
579 1149 639 1171 nos
663 1138 837 1180 faciamus]

283 1190 316 1223 Si
339 1190 425 1222 idem
450 1190 633 1229 imitamur,
662 1191 709 1222 ita
738 1193 847 1222 tamen
877 1191 932 1222 uix
963 1191 1105 1222 uiuimus
1136 1201 1208 1222 cum
1238 1191 1285 1222 iu-

873 1241 966 1273 uidia
989 1252 1126 1273 summa.

285 1293 424 1324 Suarum
449 1303 547 1334 opum
572 1302 631 1324 nos
654 1292 772 1324 uolunt
795 1303 867 1324 esse
890 1293 1087 1333 indigentes.

165 1362 178 1367 -
221 1348 279 1375 116
304 1358 330 1375 v.
357 1347 418 1376 529
442 1346 544 1375 scrib.:
570 1353 680 1375 eccam

165 1412 176 1417 -
219 1399 277 1426 122
302 1408 364 1426 var.
390 1399 492 1435 script.
520 1399 578 1426 599
603 1397 709 1425 scrib.:
733 1407 853 1426 necesso
877 1395 911 1426 E
975 1398 1052 1425 male
1076 1394 1132 1426 IE

164 1463 175 1468 -
219 1450 277 1477 156
303 1450 354 1478 lin.
380 1451 397 1477 8
422 1449 458 1478 ab
483 1450 540 1477 imo
565 1452 632 1486 post
659 1449 707 1483 „in
731 1446 879 1485 digitum“
906 1448 988 1478 add-z
1014 1452 1045 1477 ut
1071 1449 1159 1487 Epid.
1185 1450 1256 1478 638.
