1596 2478
425 309 458 339 lu
478 309 584 349 priore
603 308 774 339 voluminis
794 308 882 339 tertii
903 313 994 348 parto
1013 307 1080 339 haec
1093 307 1246 339 addenda
1259 308 1362 339 velim.
1378 309 1453 350 Pag.

342 365 386 393 14.
419 361 527 393 Casiu.
546 364 603 392 172
626 362 776 393 varietati
798 362 967 402 scriptura?
981 361 1180 393 addendum:
1209 362 1365 398 „siutA¹·.
1401 362 1454 394 Sic

338 417 421 448 enim
446 417 490 447 ibi
510 416 571 456 legi
590 416 701 447 docuit
720 415 962 447 studemundus
981 415 1068 455 apud
1088 417 1122 446 A.
1145 415 1259 447 Prchn.
1280 416 1454 454 Quaestion.

338 471 478 502 Plautin.
504 469 543 501 de
563 469 809 510 pronominibus
828 469 1006 501 indefinitis
1025 481 1052 510 p.
1077 472 1102 506 1,
1125 470 1180 509 qui
1200 470 1230 500 iu
1251 470 1311 501 hoc
1329 469 1455 501 Casium

338 535 432 556 versu
467 524 547 555 nihil
582 523 742 556 excidisse
775 524 907 560 statuit,
943 524 998 555 sed
1035 534 1061 554 v,
1089 525 1143 553 171
1176 534 1223 564 sq.
1253 525 1454 555 octonarium

337 579 569 619 anapaesticum
598 588 669 609 cum
699 588 791 609 versu
818 588 856 609 cx
880 577 1006 608 duabus
1030 577 1180 617 tripudiis
1204 578 1379 609 trochaicis
1403 589 1456 610 ca-

337 633 498 665 talecticis
522 636 660 664 consuto
684 632 731 663 sic
753 631 915 663 discribit:

380 684 485 718 Credo
509 690 646 723 ecastor,
670 696 744 717 nam
768 686 908 717 uicinam
934 686 1094 717 neminem
1119 695 1191 716 amo
1216 687 1331 717 merito
1356 687 1457 727 magis

1156 750 1254 780 quam
1279 745 1320 775 te,

382 794 450 826 Nec
472 805 537 836 qua
559 795 591 826 in
616 795 712 836 plura
734 795 799 826 siut
822 794 909 827 mihi.
933 804 1018 834 quae
1041 804 1102 834 ego
1126 794 1232 826 uelim.

423 847 530 881 Oasin.
551 851 611 881 503
637 848 891 880 Studemundus.
916 852 952 879 ut
975 853 1119 879 testatur
1143 850 1178 879 A.
1194 848 1300 880 Prehn
1319 848 1339 880 l.
1353 849 1372 880 l.
1386 860 1415 889 p.
1429 851 1458 885 2,

340 903 461 935 codicis
485 903 511 934 B
535 904 733 944 scripturam
756 906 882 934 tuetur:

427 956 524 995 „Cum
548 957 636 994 cibo,
671 967 742 989 cum
767 957 881 997 quiqui
906 956 1004 988 facito
1034 961 1069 987 ut
1092 958 1239 991 ueniant.
1265 958 1358 997 quasi
1383 962 1460 989 eant

339 1011 516 1046 Sutrium&
548 1012 566 1042 i.
591 1022 617 1043 e.
643 1022 716 1043 cum
740 1011 814 1042 cibo
845 1021 983 1051 cunique
1011 1012 1128 1042 ceteris
1152 1011 1271 1052 quibus
1295 1022 1376 1052 opus
1401 1017 1459 1043 cst.

339 1065 422 1097 Nam
438 1076 530 1104 „cum
543 1066 677 1107 quiqui‘·
700 1066 798 1097 simili
817 1066 884 1096 fere
896 1065 992 1096 modo
1006 1075 1025 1096 a
1038 1065 1155 1096 Plauto
1171 1065 1266 1097 Poen.
1281 1067 1341 1096 535
1354 1070 1388 1097 et
1401 1068 1462 1096 587

339 1120 480 1160 positum
504 1119 621 1157 videri,
650 1119 871 1152 Buechelcrus
897 1121 928 1151 in
955 1118 1128 1151 Woelflinii
1153 1119 1268 1150 Archiv
1293 1120 1345 1150 fiir
1368 1119 1461 1150 latei-

339 1173 451 1205 nische
474 1174 730 1215 Lexicographie
754 1174 766 1205 l
791 1186 820 1214 p.
847 1176 907 1204 279
933 1174 1053 1210 docuit,
1078 1174 1134 1214 qui
1155 1173 1260 1204 Plauti
1286 1173 1384 1204 verba
1407 1173 1460 1204 l.l.

343 1239 433 1265 „cum
457 1238 511 1262 eo,
537 1239 609 1260 curu
634 1229 765 1269 quiqui-⁸
793 1229 985 1259 Germanice
1016 1228 1125 1259 vertit:
1164 1231 1264 1263 ..trotz
1294 1227 1367 1259 dem
1397 1227 1461 1258 und

340 1287 423 1313 trotz
447 1283 542 1314 allen]
568 1285 691 1314 sonsst.
