1596 2478
631 195 661 220 V.
680 196 806 221 94—147.
1215 194 1273 223 183

159 297 225 325 121.
264 292 344 332 Quin
378 302 446 331 “5103
480 297 547 331 post
581 293 640 321 haec
675 292 754 320 aliud
787 292 908 320 verbum
938 289 1180 328 exspectabatur,
1217 298 1274 317 non

157 347 339 383 „collibitum
364 349 409 374 est
434 345 535 379 mihi“‚
560 344 595 372 cf.
618 343 705 382 Epid.
730 345 786 371 16⁸
811 354 853 379 sq.
877 352 943 371 anu.
969 343 1005 370 ad
1024 341 1129 370 Bacch.
1150 342 1219 370 211.
1235 355 1270 360 —

153 396 227 436 quia
251 405 321 426 sum
344 395 457 425 onusta
480 396 550 425 olim
575 395 772 423 emendatum.
798 409 839 413 —-
866 394 933 422 122.
958 391 1042 430 flore,
1067 393 1102 422 cf.
1122 391 1186 421 Cas.
1201 393 1271 421 615.

154 465 192 469 —
232 451 298 478 121.
334 445 417 486 quod
445 445 536 476 tacito
566 454 644 475 ‘usus
673 445 730 480 est,
767 457 792 474 v.
826 445 862 473 ad
891 444 998 482 Amph.
1030 445 1099 473 500.
1130 458 1172 462 —
1204 445 1272 472 125.

154 498 248 530 illanc
272 500 384 529 Camer.
416 514 456 519 -—
495 499 668 527 127-130.
701 497 878 526 Ritscholius
908 497 1027 532 Parerg.
1058 506 1087 534 p.
1122 496 1179 524 137
1210 499 1272 524 not.

153 552 445 580 Wiutlischmauuum
479 554 596 578 secutus
627 551 743 588 spurios
772 549 875 577 habuit
904 551 937 576 ut
967 558 1002 576 ex
1035 548 1176 576 188—91
1203 557 1272 575 con-

152 604 252 637 fictos;
288 603 424 641 equidem
447 603 547 640 potius
571 602 607 629 de
631 602 765 639 proxima
789 610 873 628 scena
899 599 1017 633 dubito,
1043 599 1078 626 ad
1103 609 1190 636 quam
1213 599 1272 627 vid.

118 672 122 677 ·
155 670 190 675 —
215 656 280 683 132.
305 652 421 690 siverat
442 654 520 682 Cum.
541 669 580 672 —
608 654 676 681 134.
701 653 818 684 ualeam,
844 655 948 679 neutro
971 660 1089 688 genere,
1115 650 1150 678 cf.
1165 650 1272 688 Amph.

153 708 223 735 497.
259 707 378 735 Trucul.
405 707 474 734 396.
509 705 576 733 Ter.
602 704 693 733 Andr.
720 705 789 732 219.
814 718 854 722 —
882 704 949 730 136.
975 700 1011 736 ei,
1042 702 1088 730 vel
1113 703 1159 736 eii,
1184 711 1271 739 spon-

153 759 237 787 deum
263 759 340 794 facit,
364 768 389 786 v.
415 757 530 794 Proleg.
554 768 582 795 p.
609 758 678 785 216.
708 770 748 774 —
782 755 848 783 140.
880 762 957 791 qnae
980 751 1095 782 malum
1118 752 1275 791 quaerunt

151 807 219 844 sibi,
250 810 284 838 cf.
311 810 346 837 ad
371 810 437 837 Aul.
463 810 533 837 475.
569 823 604 827 —
640 809 706 836 141.
743 803 827 835 aibat
851 806 937 835 Both.
968 820 1003 824 —
1040 807 1107 834 145.
1136 803 1182 833 sic
1205 805 1271 833 edd.

151 862 232 891 Idem
258 862 368 899 legitur
394 862 460 889 195.
488 876 526 879 —
555 858 584 887 si
607 857 676 897 quis
700 866 774 887 usus
799 856 924 893 uenerit,
950 858 984 885 cs.
1010 857 1045 885 ad
1070 856 1174 885 Bacch.
1201 858 1270 885 360.

152 914 281 950 Langen.
308 913 397 941 Beitr.
422 922 451 950 p.
480 913 538 940 162
567 911 674 949 „quid“
701 910 843 949 postulat.

239 1069 306 1096 147.
342 1067 471 1095 Perditis
500 1066 607 1095 Selenii
636 1069 665 1094 et
695 1064 906 1094 Alcesimarchi
935 1065 1022 1093 rebus
1051 1074 1110 1092 uua
1139 1073 1186 1092 res
1208 1074 1271 1092 suc-

150 1131 268 1149 currere
291 1121 402 1157 potuit,
436 1118 562 1147 Deorum
592 1118 743 1147 auxilium.
798 1117 836 1145 Et
865 1117 948 1145 adest
971 1125 1078 1144 numen
1100 1115 1184 1151 illud,
1214 1125 1271 1152 quo

150 1172 309 1200 adiuvante
334 1171 432 1209 palam
463 1171 527 1205 fiet,
562 1169 690 1208 puellam
721 1170 876 1206 ingenuam
905 1170 1004 1196 natam
1034 1177 1098 1195 esse
1126 1168 1271 1204 iustisque

150 1234 214 1253 cum
239 1223 426 1252 adolescente
450 1223 561 1260 nuptiis
582 1222 662 1257 iungi
682 1230 778 1258 posse.
824 1220 894 1248 Exit
912 1221 975 1258 ipse
988 1219 1076 1255 Deus,
1095 1216 1271 1253 Auxilium,

151 1286 186 1304 ue
215 1277 398 1313 spectatores
427 1274 545 1302 solliciti
576 1284 645 1302 cura
675 1273 825 1307 laborent,
867 1272 1001 1309 idemque
1032 1272 1148 1308 prologi
1178 1272 1273 1299 instar

151 1337 267 1355 omnem
291 1337 352 1354 rem
376 1327 505 1363 exponit,
532 1328 565 1354 ut
588 1325 624 1353 ab
647 1325 733 1353 initio
758 1327 824 1352 acta
848 1325 894 1351 sit.
943 1323 1086 1360 Prologus
1105 1323 1192 1351 etiam
1211 1323 1273 1351 haec

151 1389 238 1408 scena
269 1380 296 1406 iu
326 1377 475 1407 codicibus
505 1377 628 1411 dicitur3
664 1377 741 1414 quod
778 1379 876 1404 autem
908 1386 967 1404 non
1001 1376 1128 1413 primum
1162 1374 1272 1402 fabulae

151 1432 245 1459 locum
269 1433 359 1462 tenet,
384 1430 461 1458 idem
486 1429 520 1457 fit
543 1430 572 1456 in
596 1428 691 1456 Milite
716 1429 847 1464 glorioso
871 1438 897 1456 v.
918 1428 955 1456 79
981 1437 1044 1465 sqq.
1070 1429 1100 1454 et
1123 1426 1181 1454 alia
1198 1436 1272 1463 quo-

152 1493 208 1520 que
233 1483 261 1511 in
286 1482 539 1519 comparationem
564 1481 661 1508 afferri
686 1483 820 1518 possunt,
845 1483 878 1508 ut
901 1479 1023 1507 fecimus
1047 1479 1210 1507 comment.
1235 1477 1272 1506 ad

152 1534 278 1563 Militem
304 1544 331 1571 p.
358 1534 416 1562 233
442 1536 470 1561 et
492 1532 608 1569 Proleg.
633 1542 661 1570 p.
690 1534 756 1560 162.
811 1531 868 1560 Sed
893 1530 971 1568 quod
996 1530 1036 1559 ibi
1062 1540 1106 1558 me
1130 1529 1190 1557 dixi
1214 1539 1273 1557 non

151 1585 296 1621 dubitare,
322 1586 391 1622 quin
415 1585 475 1612 haec
494 1594 528 1612 ex
548 1584 650 1612 Graeco
670 1584 829 1622 exemplari
848 1582 1011 1617 fluxissent,
1031 1582 1060 1610 id
1080 1582 1167 1610 hodie
1185 1590 1271 1618 repe-

150 1641 214 1666 tere
238 1647 294 1666 nou
318 1637 426 1670 ausim3
461 1645 527 1663 nam
552 1636 612 1663 haec
636 1636 753 1673 quidem
779 1635 952 1663 Cistellariae
982 1644 1068 1662 scena
1097 1636 1126 1662 et
1155 1634 1273 1661 minime

151 1690 315 1728 necessaria
334 1692 387 1723 cst,
412 1698 464 1716 nec
483 1689 545 1717 sine
569 1688 732 1715 offensione
756 1698 799 1721 ea,
825 1696 890 1724 quae
914 1687 1068 1724 superiore
1091 1695 1178 1713 scena
1201 1685 1273 1713 satis

151 1741 300 1778 explicata
323 1728 406 1775 suut,
436 1741 483 1768 hic
511 1741 617 1767 iterum
646 1742 815 1767 narrantur.
864 1738 983 1766 Accedit
1007 1737 1086 1774 quod
1109 1738 1205 1765 totum
1229 1736 1272 1763 di-

151 1792 235 1821 cendi
263 1802 356 1829 genus
386 1792 462 1820 infra
486 1791 585 1818 Plauti
614 1792 673 1819 vim
703 1794 731 1818 et
755 1790 935 1826 elegantiam
959 1789 1121 1817 subsistere
1145 1788 1271 1816 videtur.

151 1844 249 1879 Quare
273 1844 371 1872 nescio
401 1853 437 1871 an
466 1845 544 1870 recte
568 1842 728 1879 Vissering.
754 1842 912 1876 Quaestion.
939 1841 1067 1869 Plautin.
1091 1851 1119 1878 p.
1146 1841 1184 1868 24
1208 1849 1271 1876 sqq.

151 1898 244 1924 totam
267 1905 383 1923 scenam
409 1905 425 1922 a
449 1894 556 1922 Plauto
581 1893 795 1922 abiudicavcrit
824 1894 908 1931 eique
939 1894 1020 1921 aetati
1042 1892 1191 1926 tribuerit,
1215 1902 1274 1929 qua

151 1947 233 1976 nulla
257 1947 355 1975 fabula
379 1946 504 1985 prologo
529 1956 630 1974 carere
654 1947 766 1983 potuit,
798 1956 823 1973 v.
850 1946 909 1973 200
934 1948 1046 1979 autem,
1081 1944 1132 1972 ubi
1163 1943 1273 1972 bellum

151 2009 216 2027 cum
240 1998 345 2026 Poenis
363 2001 619 2032 commemoratur,
644 1998 680 2025 ad
699 1998 829 2031 tertium,
855 2007 910 2025 uon
931 1997 967 2025 ad
985 1996 1144 2024 secundum
1161 1995 1272 2024 bellum

152 2050 295 2078 Punicum
331 2050 448 2078 referat.
517 2050 550 2077 In
584 2049 706 2077 eandem
741 2050 918 2077 sententiam
947 2048 1106 2076 Teuffelius
1137 2046 1273 2084 (Studien

151 2101 211 2130 und
235 2101 509 2130 Charakteristiken
534 2111 561 2138 p.
589 2100 661 2135 261)
686 2100 802 2135 incidit3
828 2101 879 2129 sed
903 2110 1007 2138 parum
1029 2100 1185 2135 intellexit,
1210 2102 1272 2128 tum

153 2153 349 2181 abiiciendam
373 2162 445 2184 esse,
469 2162 556 2190 quam
580 2152 667 2180 simul
691 2152 827 2190 amplecti
857 2155 989 2187 conatur,
1018 2151 1272 2180 XVindischmanni
