1596 2478
310 165 370 194 298
780 163 957 189 Mostellaria.

309 261 427 298 inspicit
451 264 494 294 et,
524 261 547 288 si
572 261 642 297 quid
667 260 772 288 aedium
796 260 931 289 dominus
955 271 1008 299 pro
1033 260 1151 289 domino
1175 260 1255 295 dicit,
1279 261 1422 298 paenitere

309 321 374 339 eum
410 312 519 339 venditi
550 314 650 348 putat,
685 311 730 339 hic
761 312 888 340 vicinum
918 312 1073 340 ridiculum
1103 315 1133 340 et
1163 322 1265 349 parum
1301 312 1422 348 integrae

310 364 415 390 mentis
439 363 524 397 aedes,
548 372 620 399 quas
644 363 705 399 ipse
730 373 786 391 non
809 363 996 391 vehementer
1013 364 1126 401 probat,
1150 363 1289 391 admirari
1313 365 1421 397 censet,

310 424 395 442 servo
435 417 592 451 utrumque
631 414 784 451 aequaliter
823 414 949 443 ludente.
1023 415 1142 442 Interim
1182 413 1354 451 potantibus
1394 415 1422 440 in

310 465 527 502 Theopropidis
551 465 663 493 aedibus
682 465 880 493 Philolachete
899 469 929 493 et
948 465 1142 493 Callidamate
1160 465 1255 493 sodali
1279 468 1308 492 et
1331 466 1424 493 amico

310 517 370 543 eius
393 526 457 544 cum
483 516 700 550 meretricibus,
734 516 936 545 Callidamatis
959 518 1035 545 servi
1059 516 1234 551 adveniunt,
1266 519 1299 544 ut
1322 516 1423 544 herum

310 567 425 595 domum
450 568 638 595 comitentur.
696 567 805 596 Horum
834 567 950 595 demum
982 577 1113 596 sermone
1143 567 1245 596 audito
1274 567 1423 605 Theopro-

310 618 394 655 pides
417 619 445 646 in
469 619 665 656 suspicionem
689 618 832 647 adductus
855 630 872 647 a
895 619 1009 647 Simone
1036 629 1151 646 omnem
1183 628 1242 647 rem
1271 619 1423 656 comperit,

309 679 399 706 seque
423 679 440 697 a
462 679 514 698 suo
537 680 621 698 servo
644 670 773 698 ludibrio
797 670 929 698 habitum
953 679 1014 698 esse
1038 671 1164 698 maximo
1182 680 1272 707 opere
1290 670 1422 706 indigna-

309 724 367 755 tur,
391 730 514 758 eumque
538 722 710 758 gravissima
733 731 818 758 poena
841 722 985 758 castigare
1010 722 1154 756 instituit,
1185 721 1235 750 sed
1264 722 1425 749 intervenit

310 771 532 807 Callidamates,
562 773 612 809 qui
641 782 730 809 quum
753 782 836 801 suam
858 782 920 801 esse
943 772 1059 810 culpam
1083 772 1258 810 profiteatur
1281 782 1425 810 suumque

310 827 457 861 sumptum
492 824 553 851 fore
587 825 757 861 promittat,
792 825 856 852 eius
889 824 1026 862 precibus
1055 828 1153 852 motus
1181 834 1269 852 senex
1303 827 1331 852 et
1364 823 1425 852 filio

310 875 424 904 veniam
448 875 500 903 dat
523 878 552 903 et
574 885 658 903 servo
682 876 817 913 ignoscit.

395 926 608 954 Mostellariam
633 927 686 955 hoc
709 928 826 955 nomine
849 930 878 955 et
901 927 951 955 alii
975 936 1052 964 saepe
1073 928 1255 964 grammatici
1275 930 1304 956 et
1321 926 1427 957 Festus

310 989 338 1016 p.
367 979 424 1006 166
449 978 579 1013 laudant,
607 979 659 1006 sed
683 978 761 1016 apud
784 978 908 1007 eundem
931 977 1049 1006 Festum
1073 988 1101 1015 p.
1130 978 1186 1006 162
1211 978 1297 1006 huius
1319 978 1426 1007 fabulae

311 1040 338 1058 v.
365 1029 423 1059 235
448 1033 478 1057 et
506 1040 534 1066 p.
561 1030 619 1058 305
644 1039 670 1058 v.
697 1030 755 1058 714
781 1031 864 1067 quasi
894 1040 928 1057 ex
952 1029 1107 1058 Phasmate
1136 1029 1306 1058 afferuntur.
1363 1030 1428 1059 Hoc

311 1082 353 1110 ita
381 1081 568 1118 explicarunt
594 1082 649 1109 viri
682 1081 776 1116 docti,
811 1084 844 1110 ut
867 1081 993 1109 Phasma
1021 1080 1154 1109 Graecum
1185 1081 1291 1110 sabulae
1321 1091 1426 1110 nomen

311 1133 401 1160 fuisse
423 1135 595 1170 censerent,
630 1132 766 1161 Plautum
795 1132 900 1161 Latine
923 1132 1136 1161 Mostellariam
1161 1132 1339 1170 appellasse,
1374 1141 1427 1170 po-

311 1185 436 1213 steriore
458 1187 557 1212 autem
583 1187 684 1219 aetate,
709 1194 798 1222 quum
822 1185 851 1212 in
874 1184 1023 1221 plerisque
1048 1184 1135 1212 rebus
1157 1183 1280 1213 Romani
1304 1184 1428 1222 propius

311 1235 348 1263 ad
377 1235 496 1264 Graecos
525 1235 664 1263 accedere
692 1238 883 1270 conarentur,
918 1236 1078 1264 histriones
1101 1235 1269 1264 Plautinum
1299 1235 1428 1263 subulam

312 1290 430 1324 agentes
454 1286 586 1315 Graecum
617 1297 720 1314 nomen
752 1286 912 1315 reduxisse.
968 1287 1040 1315 Tres
1074 1291 1170 1315 autem
1200 1287 1308 1315 Graecae
1343 1286 1428 1314 huius

312 1339 437 1366 nominis
459 1338 566 1366 fabulae
590 1343 865 1371 commemorantur,
895 1348 954 1366 una
976 1338 1140 1369 Menandri.
1168 1338 1251 1367 cuius
1273 1337 1429 1366 Terentius

313 1391 341 1418 iu
371 1389 504 1418 Eunuchi
536 1390 660 1428 prologo
690 1401 715 1418 v.
741 1392 758 1418 9
783 1391 960 1418 mentionem
992 1390 1075 1423 facit,
1110 1390 1160 1418 ubi
1184 1389 1318 1418 Donatus
1342 1397 1428 1425 argu-

313 1445 443 1469 mentum
474 1441 581 1470 fahulae
610 1441 703 1470 trudit
731 1452 748 1470 a
777 1441 962 1469 Mostellaria
990 1450 1110 1478 prorsus
1138 1440 1300 1475 diversum,
1336 1440 1430 1469 altera

311 1492 491 1529 Theogneti,
527 1494 626 1530 Φάσμα
658 1494 671 1527 ἲ,
703 1494 871 1531 φιλάργυρος
905 1490 944 1528 (v.
976 1492 1104 1520 Meinek.
1138 1492 1186 1520 Fr.
1211 1492 1291 1520 Com.
1315 1491 1366 1520 Gr.
1390 1491 1429 1520 lV

312 1553 340 1580 p.
367 1543 454 1579 549),
484 1554 549 1582 quae
579 1549 608 1572 et
637 1545 702 1582 ipsa
725 1556 741 1573 a
765 1544 903 1572 Plautina
926 1543 1024 1572 fabula
1049 1543 1165 1572 diversa
1187 1544 1277 1572 fuisse
1301 1543 1428 1578 videtur,

312 1596 336 1622 si
360 1595 477 1632 quidem
501 1597 583 1624 avari
607 1595 744 1631 hominis,
776 1598 823 1624 cui
853 1596 979 1624 alterum
1002 1604 1108 1623 nomen
1131 1595 1182 1623 illa
1205 1594 1306 1623 fabula
1329 1593 1426 1629 debet,

314 1647 342 1674 in
366 1647 419 1675 hac
442 1647 610 1684 perexiguae
633 1650 734 1685 partes
758 1650 834 1675 suut.
880 1646 965 1681 Quod
989 1645 1025 1674 ad
1048 1647 1166 1674 tertiam
1190 1647 1308 1680 attinet,
1331 1645 1428 1674 Phile-

313 1699 408 1726 monis
433 1699 532 1734 Φάσμα
561 1695 601 1735 (v.
627 1698 755 1727 Meinek.
780 1698 819 1726 lv
842 1709 870 1736 p.
897 1695 960 1734 29),
991 1697 1071 1735 quod
1101 1707 1190 1726 unum
1214 1697 1282 1725 inde
1306 1696 1430 1725 affertur

314 1750 518 1787 fragmentum,
544 1760 560 1777 a
583 1754 685 1778 nostra
708 1750 808 1778 sabula
830 1750 957 1778 alienum
981 1752 1041 1784 est;
1075 1748 1126 1777 sed
1155 1748 1296 1786 {equalem
1325 1748 1429 1776 saltem

314 1804 400 1829 aetate
422 1804 540 1838 poetam
564 1800 668 1837 fuisse,
704 1801 831 1830 efficitur
859 1811 894 1829 ex
918 1811 944 1830 v.
973 1801 1061 1829 1130.
1118 1799 1233 1828 Certius
1256 1799 1328 1827 nihil
1351 1798 1429 1827 affir-

314 1853 387 1881 mari
410 1856 518 1890 potest.

399 1903 535 1932 Ceterum
564 1904 665 1932 sabula
692 1907 738 1932 est
765 1913 886 1942 prorsus
909 1903 1041 1940 egregia3
1076 1912 1143 1931 nam
1167 1906 1197 1931 et
1219 1911 1315 1930 mores
1338 1901 1429 1930 homi-

316 1966 383 1984 uum
408 1956 588 1993 lepidissime
611 1956 760 1993 depingit,
797 1958 827 1983 et
855 1965 889 1983 ex
918 1956 982 1992 ipso
1010 1958 1183 1991 argumento
1213 1964 1246 1982 ea
1269 1953 1430 1982 hilaritatis

316 2011 345 2036 et
368 2007 538 2035 festivitatis
561 2008 645 2044 copia
668 2008 772 2042 oritur,
796 2010 829 2035 ut
851 2016 905 2034 nec
928 2006 1060 2043 parasito
1079 2015 1133 2034 nec
1154 2006 1247 2034 milite
1266 2014 1320 2033 neo
1336 2012 1430 2041 coquo

316 2062 367 2087 aut
390 2059 571 2096 sycophanta
595 2058 632 2086 ad
657 2059 746 2086 risum
771 2058 945 2087 movendum
970 2067 1044 2095 opus
1067 2057 1165 2085 fuerit.
1210 2056 1321 2085 Merito
1339 2056 1430 2091 igitur

315 2119 429 2148 semper
452 2111 529 2138 inter
552 2110 677 2146 optimas
702 2109 798 2138 Plauti
823 2108 978 2137 comoedias
1002 2108 1101 2137 habita
1124 2111 1177 2143 est,
1208 2117 1260 2136 nec
1283 2106 1427 2135 Lorenzio
