1596 2478
172 189 192 220 Ι,
211 190 234 222 3,
253 189 353 215 22—33
641 189 824 216 Menaechmi.
1231 192 1288 221 173

590 283 869 315 Menaechmus

171 338 333 375 Quattuor
357 337 450 367 minis
473 347 532 375 ego
557 338 618 368 emi
643 337 749 369 istauc
772 348 857 369 anno
880 339 972 369 uxori
998 348 1097 369 meae.

620 422 838 454 Peniculus

170 477 331 514 Quattuor
355 476 460 507 minae
486 477 652 516 perierunt
676 476 780 517 plane.
806 480 841 508 ut
865 478 948 508 ratio
973 478 1128 509 redditur.

585 562 867 593 Menaechmus

170 615 254 653 Scin,
278 615 353 655 quid
380 615 454 646 uolo
479 620 509 646 te
534 616 716 647 adcurare?

640 702 815 733 Erotium

669 755 728 788 Ubi
750 757 826 793 scio,
852 756 984 794 curabo,
1009 767 1093 797 quae
1118 757 1217 789 uoles.
1237 766 1287 791 205

586 841 868 872 Menaechmus

166 894 244 925 Iube
269 896 368 934 igitur
392 895 497 926 tribus
523 895 614 927 nobis
638 895 724 935 apud
749 899 780 925 te
806 895 976 935 prandium
1000 895 1200 934 adeum-rior,

167 949 272 989 Atque
296 949 420 988 aliquid
445 950 713 981 scitamentorum
738 949 777 980 dc
802 949 872 980 foro
896 950 1101 990 opsonarier:

166 1003 417 1034 Glandionidam
442 1004 580 1041 suillam,
604 1003 743 1035 laridum
769 1004 979 1043 pcrnouidem

166 1058 230 1088 Aut
254 1058 514 1098 sincipitamenta
541 1059 673 1098 porcina
696 1061 754 1088 aut
778 1057 900 1097 aliquid
926 1058 966 1089 ad
991 1069 1063 1089 eum
1090 1058 1229 1090 modum.

165 1112 298 1143 Madida
317 1122 399 1151 quae
418 1111 494 1143 mihi
509 1112 662 1152 adposita
675 1113 706 1142 in
720 1122 830 1143 mensa
843 1111 1009 1143 miluinam
1024 1118 1215 1151 suggeram&
1235 1121 1285 1146 210

165 1166 271 1206 Atque
295 1170 448 1197 actutum.

633 1243 659 1274 E
667 1254 682 1274 r
690 1243 776 1274 otiu
783 1253 816 1274 m

492 1297 584 1329 Licet
607 1301 743 1329 ecastor.

583 1385 863 1417 Menaechmus

811 1440 877 1471 Nos
901 1439 1069 1480 prodimus
1094 1441 1133 1471 ad
1160 1440 1280 1479 forum3

162 1494 228 1525 Iam
255 1494 306 1525 hic
330 1506 387 1525 uos
411 1495 540 1526 erimus.
588 1495 669 1526 Dum
694 1498 863 1535 coquetur,
888 1495 1016 1525 iuterim
1042 1494 1237 1535 potabimus.

629 1582 810 1614 Erotium

163 1636 299 1674 Quando
324 1638 383 1674 uis,
407 1637 497 1675 ueni3
521 1640 638 1677 parata
661 1648 713 1668 res
736 1637 807 1668 erit.

580 1726 611 1757 M
621 1736 636 1756 e
646 1736 665 1756 n
674 1736 717 1756 ae
727 1735 744 1756 c
753 1725 812 1756 hm
820 1736 862 1756 us

859 1779 1004 1820 Propera
1027 1779 1134 1811 modo.

161 1833 303 1875 Sequere
326 1837 363 1865 tu
386 1844 442 1865 me.

226 1963 275 1988 203
294 1963 382 1995 egnmi
438 1963 487 1988 204
507 1962 617 1988 reditur
636 1961 662 1988 B
715 1963 764 1988 205
783 1962 850 1988 uolo
870 1970 921 1995 ego
941 1965 969 1987 te
989 1961 1038 1987 BC
1090 1970 1237 1988 accurrare
1258 1961 1281 1989 C

210 2005 256 2031 ubi
275 2013 325 2031 om.
385 2006 434 2030 207
454 2005 489 2030 sit
509 2009 682 2030 armentorum
702 2004 752 2031 ΒΟ
807 2005 857 2030 208
876 2005 974 2030 sullam
995 2004 1046 2030 BG
1094 2004 1212 2030 laridum
1233 2008 1276 2030 aut

160 2048 341 2081 pernonidem
362 2048 387 2073 A
475 2048 525 2073 209
544 2048 779 2081 sinciputamema
798 2048 821 2072 A
911 2047 1026 2080 porcina
1044 2055 1094 2073 om.
1113 2047 1140 2072 B
1229 2049 1278 2072 210

159 2098 281 2116 mensam
351 2091 504 2116 muluinam
524 2091 550 2116 A
623 2092 669 2116 211
693 2090 748 2116 ER.
768 2093 793 2116 et
812 2090 872 2116 ME.
892 2098 943 2116 om.
962 2089 988 2115 B
1059 2091 1109 2115 212
1127 2091 1279 2123 quc-quitur

159 2133 208 2159 213
227 2133 288 2159 ME>
307 2141 355 2160 om.
374 2133 401 2159 Β
470 2134 519 2159 214
539 2142 582 2158 me
600 2141 651 2159 om.
