<?xml version="1.0" encoding="UTF-8"?>
<!DOCTYPE html PUBLIC "-//W3C//DTD XHTML 1.0 Transitional//EN"
    "http://www.w3.org/TR/xhtml1/DTD/xhtml1-transitional.dtd">
<html xmlns="http://www.w3.org/1999/xhtml" xml:lang="en" lang="en">
 <head>
  <title>
</title>
<meta http-equiv="Content-Type" content="text/html;charset=utf-8" />
  <meta name='ocr-system' content='tesseract 3.04.00' />
  <meta name='ocr-capabilities' content='ocr_page ocr_carea ocr_par ocr_line ocrx_word'/>
</head>
<body>
  <div class='ocr_page' id='page_1' title='image "./comoediaerecensu03plauuoft_0377.png"; bbox 0 0 1596 2478; ppageno 0'>
   <div class='ocr_carea' id='block_1_1' title="bbox 494 602 887 643">
    <p class='ocr_par' dir='ltr' id='par_1_1' title="bbox 494 602 887 643">
     <span class='ocr_line' id='line_1_1' title="bbox 494 602 887 643; baseline -0.003 0"><span class='ocrx_word' id='word_1_1' title='bbox 494 602 887 643; x_wconf 68' lang='lat' dir='ltr'><strong>ARGUMENTUM.</strong></span> 
     </span>
    </p>
   </div>
   <div class='ocr_carea' id='block_1_2' title="bbox 214 717 1255 1247">
    <p class='ocr_par' dir='ltr' id='par_1_2' title="bbox 216 717 997 759">
     <span class='ocr_line' id='line_1_2' title="bbox 216 717 997 759; baseline 0 -10"><span class='ocrx_word' id='word_1_2' title='bbox 216 717 381 750; x_wconf 74' lang='lat' dir='ltr'>Mercator</span> <span class='ocrx_word' id='word_1_3' title='bbox 404 717 541 755; x_wconf 83' lang='lat' dir='ltr'><strong>Siculus,</strong></span> <span class='ocrx_word' id='word_1_4' title='bbox 566 718 643 759; x_wconf 91' lang='lat' dir='ltr'><strong>quoi</strong></span> <span class='ocrx_word' id='word_1_5' title='bbox 668 721 764 750; x_wconf 88' lang='lat' dir='ltr'><strong>erant</strong></span> <span class='ocrx_word' id='word_1_6' title='bbox 786 718 905 758; x_wconf 83' lang='lat' dir='ltr'><strong>gemini</strong></span> <span class='ocrx_word' id='word_1_7' title='bbox 929 717 997 756; x_wconf 85' lang='lat' dir='ltr'><strong>filii,</strong></span> 
     </span>
    </p>

    <p class='ocr_par' dir='ltr' id='par_1_3' title="bbox 218 772 824 814">
     <span class='ocr_line' id='line_1_3' title="bbox 218 772 824 814; baseline 0.002 -11"><span class='ocrx_word' id='word_1_8' title='bbox 218 772 257 803; x_wconf 84' lang='lat' dir='ltr'><strong>Ei</strong></span> <span class='ocrx_word' id='word_1_9' title='bbox 281 775 434 813; x_wconf 86' lang='lat' dir='ltr'><strong>surrupto</strong></span> <span class='ocrx_word' id='word_1_10' title='bbox 458 772 562 804; x_wconf 86' lang='lat' dir='ltr'><strong>altero</strong></span> <span class='ocrx_word' id='word_1_11' title='bbox 585 783 672 804; x_wconf 85' lang='lat' dir='ltr'><strong>mors</strong></span> <span class='ocrx_word' id='word_1_12' title='bbox 695 773 824 814; x_wconf 77' lang='lat' dir='ltr'><strong>optigit.</strong></span> 
     </span>
    </p>

    <p class='ocr_par' dir='ltr' id='par_1_4' title="bbox 217 826 1007 868">
     <span class='ocr_line' id='line_1_4' title="bbox 217 826 1007 868; baseline 0 -10"><span class='ocrx_word' id='word_1_13' title='bbox 217 826 341 858; x_wconf 89' lang='lat' dir='ltr'><strong>Nomen</strong></span> <span class='ocrx_word' id='word_1_14' title='bbox 366 827 543 868; x_wconf 89' lang='lat' dir='ltr'><strong>surruptici</strong></span> <span class='ocrx_word' id='word_1_15' title='bbox 567 826 614 858; x_wconf 89' lang='lat' dir='ltr'><strong>illi</strong></span> <span class='ocrx_word' id='word_1_16' title='bbox 639 826 734 864; x_wconf 87' lang='lat' dir='ltr'><strong>indit,</strong></span> <span class='ocrx_word' id='word_1_17' title='bbox 758 827 813 868; x_wconf 88' lang='lat' dir='ltr'><strong>qui</strong></span> <span class='ocrx_word' id='word_1_18' title='bbox 838 827 925 858; x_wconf 93' lang='lat' dir='ltr'><strong>domi</strong></span> <span class='ocrx_word' id='word_1_19' title='bbox 949 830 1007 865; x_wconf 90' lang='lat' dir='ltr'><strong>est,</strong></span> 
     </span>
    </p>

    <p class='ocr_par' dir='ltr' id='par_1_5' title="bbox 216 880 1062 921">
     <span class='ocr_line' id='line_1_5' title="bbox 216 880 1062 921; baseline 0 -9"><span class='ocrx_word' id='word_1_20' title='bbox 216 881 302 913; x_wconf 85' lang='lat' dir='ltr'><strong>Auos</strong></span> <span class='ocrx_word' id='word_1_21' title='bbox 326 884 492 921; x_wconf 88' lang='lat' dir='ltr'><strong>paternus,</strong></span> <span class='ocrx_word' id='word_1_22' title='bbox 515 881 595 912; x_wconf 82' lang='lat' dir='ltr'><strong>facit</strong></span> <span class='ocrx_word' id='word_1_23' title='bbox 617 880 864 912; x_wconf 83' lang='lat' dir='ltr'>Menaechmum</span> <span class='ocrx_word' id='word_1_24' title='bbox 887 891 904 912; x_wconf 91' lang='lat' dir='ltr'><strong>e</strong></span> <span class='ocrx_word' id='word_1_25' title='bbox 929 880 1062 913; x_wconf 87' lang='lat' dir='ltr'><strong>Sosicle.</strong></span> 
     </span>
    </p>

    <p class='ocr_par' dir='ltr' id='par_1_6' title="bbox 216 935 1254 1030">
     <span class='ocr_line' id='line_1_6' title="bbox 216 935 1254 976; baseline 0.002 -10"><span class='ocrx_word' id='word_1_26' title='bbox 216 935 258 966; x_wconf 89' lang='lat' dir='ltr'><strong>Et</strong></span> <span class='ocrx_word' id='word_1_27' title='bbox 280 936 309 967; x_wconf 88' lang='lat' dir='ltr'><strong>is</strong></span> <span class='ocrx_word' id='word_1_28' title='bbox 331 945 533 975; x_wconf 86' lang='lat' dir='ltr'><strong>germanum,</strong></span> <span class='ocrx_word' id='word_1_29' title='bbox 558 938 731 976; x_wconf 83' lang='lat' dir='ltr'>postquam</span> <span class='ocrx_word' id='word_1_30' title='bbox 756 935 911 968; x_wconf 86' lang='lat' dir='ltr'><strong>adoleuit.</strong></span> <span class='ocrx_word' id='word_1_31' title='bbox 935 936 1102 976; x_wconf 81' lang='lat' dir='ltr'><strong>quaeritat</strong></span> <span class='ocrx_word' id='word_1_32' title='bbox 1238 944 1254 968; x_wconf 87' lang='lat'>5</span> 
     </span>
     <span class='ocr_line' id='line_1_7' title="bbox 216 988 1091 1030; baseline 0 -10"><span class='ocrx_word' id='word_1_33' title='bbox 216 988 346 1021; x_wconf 86' lang='lat' dir='ltr'><strong>Circum</strong></span> <span class='ocrx_word' id='word_1_34' title='bbox 369 990 473 1021; x_wconf 81' lang='lat' dir='ltr'><strong>omnis</strong></span> <span class='ocrx_word' id='word_1_35' title='bbox 496 1000 586 1029; x_wconf 77' lang='lat' dir='ltr'>oras3</span> <span class='ocrx_word' id='word_1_36' title='bbox 611 992 685 1030; x_wconf 86' lang='lat' dir='ltr'><strong>post</strong></span> <span class='ocrx_word' id='word_1_37' title='bbox 709 989 925 1029; x_wconf 83' lang='lat' dir='ltr'><strong>Epidamnum</strong></span> <span class='ocrx_word' id='word_1_38' title='bbox 948 989 1091 1021; x_wconf 87' lang='lat' dir='ltr'><strong>deuenit.</strong></span> 
     </span>
    </p>

    <p class='ocr_par' dir='ltr' id='par_1_7' title="bbox 216 1043 859 1084">
     <span class='ocr_line' id='line_1_8' title="bbox 216 1043 859 1084; baseline -0.002 -9"><span class='ocrx_word' id='word_1_39' title='bbox 216 1043 277 1075; x_wconf 89' lang='lat' dir='ltr'><strong>Hic</strong></span> <span class='ocrx_word' id='word_1_40' title='bbox 299 1043 408 1075; x_wconf 84' lang='lat' dir='ltr'><strong>fuerat</strong></span> <span class='ocrx_word' id='word_1_41' title='bbox 430 1043 528 1075; x_wconf 80' lang='lat' dir='ltr'><strong>alitus</strong></span> <span class='ocrx_word' id='word_1_42' title='bbox 552 1043 607 1075; x_wconf 92' lang='lat' dir='ltr'><strong>ille</strong></span> <span class='ocrx_word' id='word_1_43' title='bbox 632 1043 859 1084; x_wconf 86' lang='lat' dir='ltr'><strong>surrupticius.</strong></span> 
     </span>
    </p>

    <p class='ocr_par' dir='ltr' id='par_1_8' title="bbox 214 1097 1082 1194">
     <span class='ocr_line' id='line_1_9' title="bbox 214 1097 1082 1136; baseline 0 -7"><span class='ocrx_word' id='word_1_44' title='bbox 214 1097 462 1130; x_wconf 81' lang='lat' dir='ltr'><strong>Menaechmum</strong></span> <span class='ocrx_word' id='word_1_45' title='bbox 485 1108 596 1129; x_wconf 90' lang='lat' dir='ltr'><strong>omnes</strong></span> <span class='ocrx_word' id='word_1_46' title='bbox 621 1098 724 1133; x_wconf 75' lang='lat' dir='ltr'><strong>ciuem</strong></span> <span class='ocrx_word' id='word_1_47' title='bbox 748 1097 887 1129; x_wconf 82' lang='lat' dir='ltr'><strong>credunt</strong></span> <span class='ocrx_word' id='word_1_48' title='bbox 910 1097 1082 1136; x_wconf 82' lang='lat' dir='ltr'><strong>aduenam,</strong></span> 
     </span>
     <span class='ocr_line' id='line_1_10' title="bbox 216 1151 1033 1194; baseline -0.001 -10"><span class='ocrx_word' id='word_1_49' title='bbox 216 1152 365 1194; x_wconf 87' lang='lat' dir='ltr'><strong>Eumque</strong></span> <span class='ocrx_word' id='word_1_50' title='bbox 389 1151 561 1193; x_wconf 80' lang='lat' dir='ltr'><strong>adpellant</strong></span> <span class='ocrx_word' id='word_1_51' title='bbox 585 1152 747 1190; x_wconf 79' lang='lat' dir='ltr'><strong>meretrix,</strong></span> <span class='ocrx_word' id='word_1_52' title='bbox 770 1162 852 1183; x_wconf 87' lang='lat' dir='ltr'><strong>uxor</strong></span> <span class='ocrx_word' id='word_1_53' title='bbox 876 1155 909 1183; x_wconf 91' lang='lat' dir='ltr'><strong>et</strong></span> <span class='ocrx_word' id='word_1_54' title='bbox 931 1161 1033 1183; x_wconf 84' lang='lat' dir='ltr'><strong>socer.</strong></span> 
     </span>
    </p>

    <p class='ocr_par' dir='ltr' id='par_1_9' title="bbox 216 1205 1255 1247">
     <span class='ocr_line' id='line_1_11' title="bbox 216 1205 1255 1247; baseline 0.002 -9"><span class='ocrx_word' id='word_1_55' title='bbox 216 1206 242 1238; x_wconf 88' lang='lat' dir='ltr'><strong>Ii</strong></span> <span class='ocrx_word' id='word_1_56' title='bbox 265 1217 299 1239; x_wconf 86' lang='lat' dir='ltr'><strong>se</strong></span> <span class='ocrx_word' id='word_1_57' title='bbox 323 1209 525 1247; x_wconf 84' lang='lat' dir='ltr'><strong>cognoscunt</strong></span> <span class='ocrx_word' id='word_1_58' title='bbox 548 1205 667 1238; x_wconf 82' lang='lat' dir='ltr'><strong>fratres</strong></span> <span class='ocrx_word' id='word_1_59' title='bbox 690 1209 857 1247; x_wconf 88' lang='lat' dir='ltr'><strong>postremo</strong></span> <span class='ocrx_word' id='word_1_60' title='bbox 881 1206 914 1237; x_wconf 90' lang='lat' dir='ltr'><strong>in</strong></span> <span class='ocrx_word' id='word_1_61' title='bbox 937 1206 1052 1238; x_wconf 88' lang='lat' dir='ltr'><strong>uicem.</strong></span> <span class='ocrx_word' id='word_1_62' title='bbox 1223 1214 1255 1240; x_wconf 92' lang='lat'><strong>10</strong></span> 
     </span>
    </p>
   </div>
   <div class='ocr_carea' id='block_1_3' title="bbox 132 1294 360 1298">
    <p class='ocr_par' dir='ltr' id='par_1_10' title="bbox 132 1294 360 1298">
     <span class='ocr_line' id='line_1_12' title="bbox 132 1294 360 1298; baseline 0 0"><span class='ocrx_word' id='word_1_63' title='bbox 132 1294 360 1298; x_wconf 95' lang='lat' dir='ltr'><strong> </strong></span> 
     </span>
    </p>
   </div>
   <div class='ocr_carea' id='block_1_4' title="bbox 128 1332 1252 1412">
    <p class='ocr_par' dir='ltr' id='par_1_11' title="bbox 128 1332 1252 1412">
     <span class='ocr_line' id='line_1_13' title="bbox 214 1332 1252 1369; baseline -0.003 -7"><span class='ocrx_word' id='word_1_64' title='bbox 214 1335 414 1369; x_wconf 68' lang='lat' dir='ltr'><strong>Discrepantia</strong></span> <span class='ocrx_word' id='word_1_65' title='bbox 440 1335 586 1368; x_wconf 75' lang='lat' dir='ltr'><strong>scripturae</strong></span> <span class='ocrx_word' id='word_1_66' title='bbox 612 1334 713 1360; x_wconf 82' lang='lat' dir='ltr'><strong>codicis</strong></span> <span class='ocrx_word' id='word_1_67' title='bbox 739 1333 1028 1360; x_wconf 78' lang='lat' dir='ltr'><strong>Palatino-Vaticani</strong></span> <span class='ocrx_word' id='word_1_68' title='bbox 1055 1334 1122 1360; x_wconf 87' lang='grc'><strong><em>1615</em></strong></span> <span class='ocrx_word' id='word_1_69' title='bbox 1148 1332 1199 1365; x_wconf 88' lang='grc' dir='ltr'><strong>(Β)</strong></span> <span class='ocrx_word' id='word_1_70' title='bbox 1227 1336 1252 1359; x_wconf 83' lang='lat' dir='ltr'><strong>et</strong></span> 
     </span>
     <span class='ocr_line' id='line_1_14' title="bbox 128 1376 1167 1412; baseline -0.003 -7"><span class='ocrx_word' id='word_1_71' title='bbox 128 1377 368 1412; x_wconf 75' lang='lat' dir='ltr'><strong>Heidelberyensis</strong></span> <span class='ocrx_word' id='word_1_72' title='bbox 385 1377 429 1410; x_wconf 83' lang='lat'><strong>(0)</strong></span> <span class='ocrx_word' id='word_1_73' title='bbox 447 1381 480 1410; x_wconf 80' lang='lat' dir='ltr'><strong>et,</strong></span> <span class='ocrx_word' id='word_1_74' title='bbox 500 1378 545 1403; x_wconf 78' lang='lat' dir='ltr'><strong>ubi</strong></span> <span class='ocrx_word' id='word_1_75' title='bbox 564 1378 704 1410; x_wconf 79' lang='lat' dir='ltr'><strong>apparuit,</strong></span> <span class='ocrx_word' id='word_1_76' title='bbox 719 1377 896 1410; x_wconf 78' lang='lat' dir='ltr'><strong>palimpsesti</strong></span> <span class='ocrx_word' id='word_1_77' title='bbox 913 1377 1093 1403; x_wconf 69' lang='lat' dir='ltr'><strong>Ambrosiam</strong></span> <span class='ocrx_word' id='word_1_78' title='bbox 1110 1376 1167 1408; x_wconf 78' lang='lat' dir='ltr'><em>(A).</em></span> 
     </span>
    </p>
   </div>
   <div class='ocr_carea' id='block_1_5' title="bbox 131 1444 1253 1566">
    <p class='ocr_par' dir='ltr' id='par_1_12' title="bbox 131 1444 1253 1566">
     <span class='ocr_line' id='line_1_15' title="bbox 200 1444 1251 1480; baseline -0.003 -7"><span class='ocrx_word' id='word_1_79' title='bbox 200 1448 211 1472; x_wconf 88' lang='lat'>1</span> <span class='ocrx_word' id='word_1_80' title='bbox 233 1447 346 1480; x_wconf 79' lang='lat' dir='ltr'><strong>cyculus</strong></span> <span class='ocrx_word' id='word_1_81' title='bbox 366 1446 388 1473; x_wconf 85' lang='lat'><em>0</em></span> <span class='ocrx_word' id='word_1_82' title='bbox 469 1447 485 1472; x_wconf 86' lang='lat'>2</span> <span class='ocrx_word' id='word_1_83' title='bbox 503 1446 565 1472; x_wconf 75' lang='lat' dir='ltr'><strong>aliae</strong></span> <span class='ocrx_word' id='word_1_84' title='bbox 585 1454 681 1472; x_wconf 81' lang='lat' dir='ltr'><strong>rumor</strong></span> <span class='ocrx_word' id='word_1_85' title='bbox 700 1445 818 1479; x_wconf 82' lang='lat' dir='ltr'><strong>soptigit</strong></span> <span class='ocrx_word' id='word_1_86' title='bbox 836 1444 857 1471; x_wconf 85' lang='lat'><em>0</em></span> <span class='ocrx_word' id='word_1_87' title='bbox 940 1446 956 1471; x_wconf 84' lang='lat'><strong>3</strong></span> <span class='ocrx_word' id='word_1_88' title='bbox 977 1445 1120 1478; x_wconf 83' lang='lat' dir='ltr'><strong>surreptiti</strong></span> <span class='ocrx_word' id='word_1_89' title='bbox 1138 1444 1172 1478; x_wconf 88' lang='lat' dir='ltr'><strong>B,</strong></span> <span class='ocrx_word' id='word_1_90' title='bbox 1192 1453 1251 1471; x_wconf 77' lang='lat' dir='ltr'><strong>sur·</strong></span> 
     </span>
     <span class='ocr_line' id='line_1_16' title="bbox 131 1487 1253 1523; baseline -0.002 -8"><span class='ocrx_word' id='word_1_91' title='bbox 131 1489 208 1523; x_wconf 83' lang='lat' dir='ltr'><strong>repit</strong></span> <span class='ocrx_word' id='word_1_92' title='bbox 227 1488 250 1516; x_wconf 84' lang='lat' dir='ltr'><strong><em>G</em></strong></span> <span class='ocrx_word' id='word_1_93' title='bbox 307 1490 323 1515; x_wconf 88' lang='grc'>4</span> <span class='ocrx_word' id='word_1_94' title='bbox 342 1492 476 1523; x_wconf 77' lang='lat' dir='ltr'><strong>paternos</strong></span> <span class='ocrx_word' id='word_1_95' title='bbox 538 1489 720 1515; x_wconf 79' lang='lat' dir='ltr'><strong>meneehume</strong></span> <span class='ocrx_word' id='word_1_96' title='bbox 739 1488 838 1514; x_wconf 80' lang='lat' dir='ltr'><strong>sosicle</strong></span> <span class='ocrx_word' id='word_1_97' title='bbox 897 1489 913 1514; x_wconf 89' lang='grc'>6</span> <span class='ocrx_word' id='word_1_98' title='bbox 931 1496 980 1515; x_wconf 86' lang='lat' dir='ltr'><strong>om.</strong></span> <span class='ocrx_word' id='word_1_99' title='bbox 1003 1487 1024 1514; x_wconf 85' lang='lat' dir='ltr'>C</span> <span class='ocrx_word' id='word_1_100' title='bbox 1075 1489 1091 1513; x_wconf 88' lang='grc'><strong>’1</strong></span> <span class='ocrx_word' id='word_1_101' title='bbox 1111 1490 1208 1514; x_wconf 79' lang='lat' dir='ltr'><strong>auttus</strong></span> <span class='ocrx_word' id='word_1_102' title='bbox 1226 1487 1253 1514; x_wconf 91' lang='grc' dir='ltr'><strong><em>Β</em></strong></span> 
     </span>
     <span class='ocr_line' id='line_1_17' title="bbox 131 1531 471 1566; baseline 0 -8"><span class='ocrx_word' id='word_1_103' title='bbox 131 1532 222 1558; x_wconf 63' lang='lat' dir='ltr'><strong>cuitus</strong></span> <span class='ocrx_word' id='word_1_104' title='bbox 242 1531 264 1558; x_wconf 86' lang='lat' dir='ltr'><strong><em>G</em></strong></span> <span class='ocrx_word' id='word_1_105' title='bbox 314 1533 330 1558; x_wconf 89' lang='grc'><strong>9</strong></span> <span class='ocrx_word' id='word_1_106' title='bbox 348 1532 471 1566; x_wconf 78' lang='lat' dir='ltr'><strong>apellant</strong></span> 
     </span>
    </p>
   </div>
   <div class='ocr_carea' id='block_1_6' title="bbox 1545 0 1596 2478">
    <p class='ocr_par' dir='ltr' id='par_1_13' title="bbox 1545 0 1596 2478">
     <span class='ocr_line' id='line_1_18' title="bbox 1545 0 1596 2478; baseline 0 0"><span class='ocrx_word' id='word_1_107' title='bbox 1545 0 1596 2478; x_wconf 95' lang='lat' dir='ltr'><strong> </strong></span> 
     </span>
    </p>
   </div>
  </div>
 </body>
</html>
