1596 2478
290 147 330 177 70
803 143 893 169 Plauti
1230 142 1249 173 1,
1270 144 1291 173 1.
1313 143 1413 168 14—88

768 236 936 268 Grumio

291 293 338 324 Tu
362 292 509 323 urbanus
533 302 613 322 uero
637 301 758 327 scurra,
783 289 918 321 deliciae
943 291 1040 330 popli,

291 347 358 377 Rus
383 345 460 376 mihi
485 349 520 376 tu
544 344 710 375 obiectas?
747 345 832 375 Sane
856 343 963 381 credo,
986 343 1118 383 Tranio,
1382 355 1411 379 15

291 399 386 437 Quod
410 402 441 430 te
466 399 497 429 in
524 398 694 438 pistrinum
718 398 779 429 scis
803 401 950 428 actutum
975 397 1107 429 tradier.

292 452 345 484 Cis
369 452 477 483 hercle
502 462 622 492 paucas
647 455 870 491 tempestates,
895 451 1024 489 Tranio,

292 505 434 545 Augebis
459 506 526 536 ruri
551 516 730 541 numerum,
755 515 857 544 genus
883 505 1037 535 ferratile.

292 559 395 597 Nunc,
419 559 495 590 (lum
520 558 580 590 tibi
605 559 696 590 lubet
719 559 869 598 licetque,
894 562 980 600 pota,
1007 558 1105 598 perde
1129 569 1207 595 reni,

293 612 471 653 Corrumpe
495 612 606 644 erilem
630 612 872 644 adulescentem
898 617 1076 653 optumum.
1380 623 1415 647 20

294 666 371 697 Dies
394 670 574 706 noctesque
598 666 711 699 bibite.
735 666 1010 706 pergraecamini;

295 721 423 751 Amicas
448 721 554 757 emite,
579 720 730 757 liberate3
755 721 878 760 pascite

294 774 477 811 Parasitos;
502 778 659 814 opsonate
683 773 924 815 pollucibiliter.

294 827 438 859 Haecine
462 827 628 859 mandauit
653 827 722 865 tibi,
747 838 844 868 quom
869 838 1003 868 peregre
1027 828 1102 859 hinc
1125 828 1160 863 it,
1185 830 1305 858 senex?

295 882 420 913 Hocine
445 882 540 912 modo
565 881 616 912 bic
641 892 707 912 rem
733 886 880 913 curatam
905 882 1048 913 offendet
1072 882 1188 912 suani?
1384 891 1418 916 25

294 935 419 967 Hocine
442 935 519 967 boni
543 946 614 966 esse
638 936 780 966 officium
805 936 890 966 serui
915 936 1103 972 existumas,

294 989 338 1020 Ut
361 990 409 1020 eri
432 990 482 1020 sui
507 992 696 1029 corrumpat
719 993 753 1020 et
776 1000 843 1020 reni
869 994 901 1021 et
925 989 1048 1020 filium?

294 1043 378 1074 Nam
403 1054 461 1083 ego
486 1043 576 1073 illum
602 1047 791 1083 corruptum
816 1043 908 1082 duco,
933 1054 1030 1084 quom
1054 1042 1105 1074 his
1129 1043 1225 1074 factis
1249 1042 1368 1074 studet.

296 1096 366 1134 Quo
390 1107 484 1128 nemo
509 1097 657 1138 adaeque
681 1098 852 1128 iuuentute
877 1109 913 1128 ex
939 1098 1025 1128 omni
1050 1097 1160 1128 Attica

296 1150 442 1181 Antehac
466 1154 516 1181 est
538 1149 671 1181 habitus
697 1161 814 1192 parcus
838 1162 898 1182 nec
922 1152 1025 1191 magis
1048 1151 1228 1185 continens,
1383 1159 1420 1183 30

296 1204 327 1235 Is
350 1214 438 1235 nunc
461 1205 492 1235 in
517 1204 614 1235 aliam
640 1208 766 1245 partem
792 1204 930 1244 palmam
957 1205 1110 1245 possidet.

298 1258 427 1290 Uirtute
451 1258 482 1289 id
508 1258 630 1289 factum
654 1262 712 1290 tua
735 1263 768 1290 et
790 1259 977 1298 magisterio
1002 1262 1067 1290 tuo.

781 1338 931 1370 Tranio

296 1391 382 1430 Quid
406 1391 476 1429 tibi,
499 1392 629 1430 malum,
653 1403 713 1429 me,
737 1395 795 1423 aut
818 1392 896 1432 quid
922 1403 981 1432 ego
1005 1403 1109 1433 agam,
1134 1393 1317 1424 curatiost?

297 1446 344 1476 An
370 1446 436 1476 ruri
461 1455 582 1485 quaeso
607 1456 669 1477 non
694 1449 770 1477 sunt
794 1457 877 1486 quos
901 1457 994 1478 cures
1017 1446 1139 1478 boues?

296 1498 404 1530 Lubet
426 1502 550 1539 potare,
575 1509 694 1537 amare,
719 1504 828 1531 scorta
851 1500 984 1539 ducere,

296 1552 360 1584 Mei
383 1553 466 1593 tergi
490 1553 574 1584 facio
599 1553 688 1591 haec,
714 1564 777 1585 non
801 1555 848 1585 tui
871 1554 1002 1586 fiducia.

774 1636 801 1666 G
811 1645 826 1665 r
835 1645 853 1665 u
862 1635 937 1666 mio

297 1684 402 1722 Quam
426 1686 629 1718 confidenter
651 1687 813 1727 loquitur!
851 1687 907 1719 Fu.

782 1767 931 1800 Tranio

954 1822 996 1853 At
1019 1825 1050 1852 te
1075 1821 1222 1861 luppiter

298 1875 403 1916 Dique
427 1885 539 1906 omnes
564 1875 715 1915 perdant!
741 1875 894 1907 oboluisti
919 1875 1041 1918 allium,

370 1994 400 2019 14
418 1994 514 2026 populi
534 1993 556 2019 C
627 1995 657 2020 15
677 1995 787 2021 obiecta
805 1994 831 2020 B
903 1996 932 2020 10
952 1995 989 2020 sis
1063 1994 1096 2019 22
1116 1993 1233 2020 liboraui
1253 1996 1280 2018 te
1299 1991 1322 2018 C
1387 1993 1420 2018 23

298 2035 478 2069 pollucibiter
499 2035 521 2062 O
583 2036 615 2061 24
635 2036 668 2062 iit
728 2038 760 2062 25
780 2035 911 2062 Effundet
931 2037 952 2062 C
1018 2037 1051 2062 27
1070 2040 1099 2062 et
1116 2039 1205 2061 semet
1225 2035 1246 2060 G
1306 2035 1339 2060 80
1357 2042 1421 2060 cou-

298 2077 386 2104 tineas
405 2077 431 2103 B
482 2079 515 2104 33
535 2087 595 2104 mea
614 2084 644 2104 ut
695 2080 728 2104 34
747 2079 827 2105 bouis
898 2081 930 2105 37
950 2079 994 2106 sue
1016 2077 1047 2110 Β,
1068 2079 1110 2104 sut
1131 2079 1152 2104 C
