1596 2478
315 192 373 220 142
811 186 905 215 Plauti
1225 189 1271 222 Ν,
1290 189 1314 222 3,
1332 189 1435 216 23-32

312 282 445 313 Potesse
469 281 707 314 dissimulando
731 282 886 314 infectum
911 282 973 314 hoc
997 283 1142 314 reddere.

311 335 394 373 Quid
420 339 530 366 autem
555 335 642 376 quod
668 346 716 367 me
740 336 876 368 absente
901 336 951 368 hic
975 341 1080 368 tecum
1105 336 1191 367 filius

311 388 431 429 Negoti
455 389 578 429 gessit?

818 448 924 480 Simo

623 502 750 534 Mecum
773 505 810 534 ut
832 502 886 533 ille
910 502 963 534 hic
986 503 1133 542 gesserit,

312 556 395 587 Dum
419 559 455 587 tu
479 555 552 586 hinc
575 555 666 593 abes,
690 557 800 597 negoti
825 556 1018 595 quidquam?

721 625 1032 667 Theopropides

1058 680 1109 712 Ne
1131 689 1218 720 noya,
1368 688 1435 714 1000

311 733 387 765 Etsi
411 734 468 765 tibi
490 744 581 774 aeyre
602 744 685 766 manc
708 736 762 766 est,

817 805 926 838 Simo

806 859 967 896 Quidnam
991 863 1048 891 aut
1070 870 1134 900 quo
1159 859 1233 890 die‘?

721 930 1025 971 Theopropides

312 984 415 1015 Minas
439 984 497 1015 tibi
522 984 692 1023 octoginta
714 984 842 1023 argenti
867 983 979 1015 debeo.

816 1054 923 1086 Simo

311 1108 381 1139 Non
407 1107 484 1139 mihi
508 1109 639 1150 quidem
664 1109 790 1147 hercle;
815 1119 926 1140 uerum
953 1109 980 1138 si
1005 1108 1114 1145 debes,
1138 1108 1228 1140 cedo.

313 1161 409 1192 Fides
433 1162 597 1193 seruanda
620 1166 685 1201 est3
710 1173 749 1194 ne
773 1163 819 1194 ire
843 1162 965 1194 infitias
989 1162 1145 1202 postules.

721 1233 1026 1274 Theopropides

312 1285 461 1317 Profecto
486 1298 547 1317 non
572 1287 699 1324 negabo
724 1287 853 1322 debere,
877 1290 910 1318 et
934 1286 1033 1324 dab03
1370 1294 1434 1320 1005

311 1339 359 1371 Tu
384 1351 464 1372 caue
488 1341 707 1381 quadraginta
730 1342 896 1382 accepisse
921 1341 997 1372 hinc
1020 1344 1052 1371 te
1076 1350 1186 1380 neges.

818 1411 924 1443 Simo

315 1466 528 1505 Quadrayinta
551 1467 706 1505 accepisse
728 1475 791 1496 ‘mm
812 1475 917 1506 messem
944 1466 1070 1497 minas?

721 1536 1028 1577 Theopropides

312 1590 440 1627 Quaeso
464 1590 589 1630 edepol,
613 1590 676 1621 huc
701 1601 749 1622 me
773 1591 932 1631 adspecta
955 1594 988 1622 et
1011 1589 1172 1630 responde
1196 1589 1289 1620 mihi:

312 1644 395 1682 Quot
417 1644 566 1675 arraboni
589 1644 675 1675 dedit
699 1643 755 1675 tibi
778 1645 904 1684 argenti
929 1645 1033 1675 minas

312 1697 408 1729 Meus
431 1698 520 1737 filius
544 1697 764 1729 Philolaches?

821 1757 922 1790 Simo

793 1812 861 1852 Ego
886 1812 992 1843 dicam
1016 1811 1092 1843 tibi:
1368 1819 1434 1845 1010

311 1867 358 1898 Ta
404 1890 945 1899 ...........

312 1921 358 1952 De
381 1925 414 1952 te
438 1921 530 1952 aedis
576 1946 581 1951 .
629 1946 634 1951 .
682 1945 688 1951 .
735 1920 826 1951 aedis
850 1920 974 1951 emerit.

379 2040 428 2065 998
449 2040 490 2065 Sl.
511 2039 580 2072 Quid
601 2039 714 2064 autem?
733 2038 790 2065 TH.
809 2038 883 2071 quod
903 2037 930 2064 B
1006 2041 1097 2064 tecum
1117 2046 1164 2064 om.
1187 2037 1238 2064 BG
1317 2039 1428 2063 1000-«1

313 2082 408 2113 negoti
427 2083 558 2114 quidnam
579 2086 626 2107 aut
645 2090 700 2114 quo
721 2081 765 2106 die
877 2082 939 2106 1004
959 2083 1001 2106 est
1019 2089 1069 2107 οηι,
1091 2080 1113 2106 C
1231 2080 1293 2106 1006
1312 2080 1377 2106 hinc
1397 2089 1431 2106 ue

312 2133 396 2157 neges
470 2126 533 2149 1007
552 2132 599 2150 om.
622 2124 672 2149 BG
743 2125 807 2149 100⁸
825 2124 918 2156 Qnosu
938 2123 964 2148 B
1036 2124 1169 2149 1009—12
1188 2130 1237 2149 om.
1258 2122 1306 2148 Bc
