1596 2478
142 178 174 209 11,
193 179 216 211 2,
235 177 335 204 76—86
614 176 792 202 Mostellaria.
1197 177 1251 206 101

626 271 770 302 Tranio

142 327 253 359 Hicine
278 326 458 367 percussit?
505 326 639 356 Guttam
663 325 750 356 haud
775 325 878 356 habeo
901 325 1083 365 sanguinis;

140 381 254 414 Uiuom
280 392 330 413 me
353 382 523 412 accersunt
547 379 762 410 Acheruntem
788 379 916 410 mortui.

141 435 243 473 Perii3
267 434 370 466 illisce
394 433 490 465 hodie
513 433 596 464 hanc
619 433 865 464 conturbabunt
888 432 1041 464 fabulam.

141 489 242 521 Nimis
267 500 365 530 quam
388 487 536 525 formido,
561 498 600 519 ue
626 488 796 518 manifesto
821 486 872 518 hic
896 498 945 518 me
970 488 1143 528 opprimat.
1205 495 1256 520 500

546 547 850 588 Theopropides

140 602 224 641 Quid
249 607 318 635 tute
341 605 447 634 tecum
470 601 628 642 loquere?

623 660 768 692 Tranio

651 715 798 746 Abscede
822 715 863 746 ab
888 715 998 753 ianua3

139 761 236 801 Fuge,
261 761 396 792 obsecro
419 759 537 792 hercle.

546 818 857 859 Theopropides

588 872 679 912 Quor
701 872 844 912 fugiam?
890 871 997 903 Etiam
1021 876 1057 904 tu
1081 872 1163 913 fuge.

624 932 773 963 Tranio

139 990 228 1022 Nihil
251 1000 310 1030 ego
334 987 487 1026 formido3
513 997 575 1028 pax
599 986 676 1018 mihi
700 990 750 1018 est
773 996 845 1017 cum
870 987 1015 1018 mortuis.

638 1046 752 1078 Intus

139 1092 236 1131 Heus,
260 1091 389 1124 Tranio.

621 1145 671 1176 Tr
678 1154 695 1175 α
704 1154 725 1175 η
733 1144 745 1174 i
752 1153 769 1174 o

427 1199 498 1231 Non
521 1209 572 1230 me
596 1198 788 1239 adpessabis,
814 1199 840 1229 si
864 1200 960 1239 sapis.
986 1217 1025 1221 -—

140 1254 227 1286 Nihil
251 1264 310 1294 ego
334 1254 512 1291 conmerui,
535 1263 640 1293 neque
664 1254 746 1284 istas
770 1254 915 1293 percussi
940 1253 1026 1285 foris.
1208 1262 1257 1286 505

546 1312 856 1353 Theopropides

142 1368 280 1406 Quaeso,
303 1368 382 1399 mihi
405 1368 500 1400 dicas.
525 1377 697 1399 sermonem
720 1367 798 1407 quid
822 1377 982 1407 segreges.

627 1427 770 1458 Tranio

142 1483 211 1523 Eyo
233 1492 293 1514 non
311 1483 466 1522 percussi.

555 1535 846 1575 Theopropides

512 1590 595 1629 Quae
618 1601 669 1622 res
692 1595 724 1621 te
748 1591 861 1630 agitat,
885 1590 1028 1622 Tranio?

142 1645 278 1683 Quicum
302 1646 403 1677 istaec
427 1645 583 1685 loquere?

625 1704 771 1736 Tra-nio

634 1759 683 1790 An
707 1770 827 1800 quaeso
851 1763 886 1791 tu
909 1759 1158 1801 adpellaueras?

210 1863 259 1889 497
279 1861 334 1888 ΤΚ.
354 1869 403 1888 οηι.
474 1861 555 1887 THE.
574 1865 682 1895 guttam
749 1862 799 1887 493
818 1862 1036 1887 macheruntem
1055 1861 1088 1894 Β,
1107 1861 1260 1888 adcherun-

139 1908 195 1931 tem
216 1904 238 1931 Ο
295 1905 345 1930 490
365 1905 416 1931 Per
477 1906 528 1930 500
546 1905 707 1938 opprimant
775 1906 821 1930 501
843 1904 925 1930 TRA.
945 1904 1010 1936 Quit
1029 1908 1056 1930 te
1075 1907 1105 1930 tu
1123 1913 1185 1930 cum

141 1947 258 1974 TR.om.
315 1948 364 1973 :302
382 1956 437 1981 quo
490 1947 578 1981 fugies
594 1947 631 1979 Β,
652 1948 728 1981 fuges
745 1947 766 1973 G
817 1948 866 1972 504
886 1947 968 1973 THE.
988 1947 1063 1973 Heus
1082 1947 1184 1973 Tranio
1204 1956 1259 1973 non

142 1992 192 2016 505
211 1991 382 2024 quonimerui
452 1991 526 2017 fores

295 2034 345 2059 506
364 2042 403 2066 sq.
423 2032 513 2066 Queso
535 2054 540 2059 .
561 2054 566 2060 .
587 2053 592 2060 .
613 2054 615 2057 .
638 2054 643 2059 .
663 2054 668 2060 .
689 2054 694 2060 .
714 2054 720 2060 .
740 2053 744 2058 .
766 2052 770 2057 .
793 2055 797 2058 .
819 2052 825 2059 .
846 2053 852 2059 .
872 2032 943 2065 Quid
963 2041 1094 2066 segreges

427 2095 742 2103 .............
761 2078 818 2102 este
839 2076 926 2108 agitat
945 2075 1048 2102 Tranio

143 2119 193 2145 508
210 2117 290 2145 TRA.
310 2118 424 2152 Quicum
445 2119 498 2145 ista
517 2118 568 2145 hec
588 2119 702 2153 loquere
722 2128 755 2144 an

1569 179 1577 247 nv.⁴⁴
1570 107 1576 161 ⁴.-
1570 0 1577 91 ----

1572 825 1579 870 2‹—
1571 726 1577 811 -—ae„·
1571 555 1577 715 -.-„-...„«
1573 523 1575 527 Δ
1571 454 1576 505 —-.
1570 299 1577 443 m<
1572 258 1575 287 ῃ-
