1596 2478
329 171 369 199 80
845 167 936 193 Plauti
1248 166 1284 198 ΙΙ.
1305 168 1328 199 3,
1346 169 1445 195 65—81

758 260 1021 293 Philolaches

330 316 367 346 Di
393 326 440 346 me
465 315 587 346 saciant
610 314 696 355 quod
720 314 846 348 uolunt.
870 315 901 345 ni
927 314 968 346 ob
992 315 1089 346 istam
1114 314 1294 356 orationem

327 369 371 399 ‘re
395 368 554 399 liberasso
578 368 685 399 denuo
709 371 742 399 et
764 369 796 399 ni
822 368 984 409 Scapham
1009 367 1182 408 enicasso]

809 430 882 462 Sca
918 430 966 462 ha

328 485 360 516 Si
384 484 443 516 tibi
468 488 519 515 sat
541 487 711 524 acceptum
735 488 793 522 est,
818 441 967 516 foreptibi
992 484 1113 515 uictum
1140 484 1372 523 sempiternum

328 538 435 579 Atque
459 537 548 568 illum
573 541 752 569 amatorem
776 537 836 568 tibi
861 537 1028 578 proprium
1053 537 1198 568 futurum
1223 537 1254 567 in
1279 538 1358 573 uita,
1399 547 1450 572 220

328 591 396 623 Soli
420 591 599 631 gerundum
623 601 738 622 censeo
763 601 883 622 morem
908 595 941 622 et
964 590 1146 631 capiundas
1169 591 1275 622 crinis.

747 653 1029 684 Philematium

329 707 372 739 Ut
394 707 514 738 famast
537 707 668 746 homini,
691 707 763 737 exin
788 707 873 737 solet
896 707 1068 746 pecuniam
1091 707 1247 737 inuenire.

328 761 396 799 Ego
420 761 447 791 si
470 760 588 792 bonam
612 759 731 791 samam
755 759 833 790 mihi
857 770 1021 797 seruasse,
1045 764 1096 790 sat
1119 770 1175 791 cro
1200 760 1303 791 diues.

760 821 1022 852 Philolaches

329 876 361 908 Si
386 876 516 917 quidem
541 875 649 907 hercle.
672 875 881 906 uendundust
905 879 1007 915 pater,
1029 875 1155 907 uenibit
1178 876 1279 907 multo
1303 877 1422 917 potius.

329 930 433 967 Quam
457 933 489 961 te
513 940 563 960 me
586 930 662 960 uiuo
686 938 839 969 umquam
864 929 969 960 sinam
994 939 1089 968 egere
1107 933 1166 960 aut
1184 929 1378 962 mendicare.
1399 940 1450 965 225

811 996 969 1036 Scapha

330 1052 412 1089 Quid
437 1052 502 1083 illis
526 1051 703 1082 futurumst
727 1051 854 1087 ceteris,
879 1051 934 1090 qui
958 1055 989 1081 te
1014 1051 1148 1082 amant?

743 1109 1029 1140 Philematium

1157 1164 1261 1202 Magis
1284 1165 1451 1203 amabunt,

329 1221 432 1258 Quom
455 1228 502 1249 me
526 1217 684 1249 uidebunt
706 1219 844 1255 gratiam
870 1218 990 1249 referre
1012 1217 1084 1248 bene
1106 1218 1245 1249 merenti.

760 1277 1020 1309 Philolaches

332 1333 460 1364 Utinam
486 1341 576 1362 meus
600 1341 684 1361 nunc
710 1335 854 1361 mortuus
880 1334 972 1371 pater
996 1331 1037 1362 ad
1064 1342 1112 1362 me
1136 1332 1315 1368 nuntietur,

331 1387 374 1418 Ut
392 1397 451 1425 ego
469 1384 662 1416 exheredem
682 1395 731 1415 me
750 1385 843 1415 bonis
863 1384 981 1415 faciam
1001 1388 1099 1424 atque
1120 1384 1203 1416 haec
1223 1386 1260 1415 ut
1277 1386 1319 1416 sit
1342 1386 1447 1418 heres.

812 1437 971 1478 Scapha

330 1490 398 1522 Iam
422 1491 488 1522 ista
510 1491 640 1531 quidem
664 1491 838 1532 absumpta
861 1502 913 1522 ree
937 1492 1015 1529 erit;
1045 1491 1114 1522 dies
1143 1496 1321 1534 noctesque
1350 1497 1450 1531 estur,

1046 1545 1178 1580 bibitur.
1400 1556 1451 1581 230

330 1598 445 1638 Neque
469 1599 642 1639 quisquam
668 1599 899 1639 parsimoniam
925 1598 1075 1636 adhibet;
1099 1599 1214 1638 sagina
1237 1600 1334 1640 plane
1357 1605 1417 1632 est.

755 1657 1020 1689 Philolaches

331 1712 366 1742 In
390 1715 422 1742 te
445 1711 553 1744 hercle
576 1715 734 1742 certumst
758 1711 912 1752 principe,
939 1715 975 1742 ut
996 1712 1055 1742 sim
1082 1722 1207 1751 parcus,
1231 1714 1385 1753 experiri3

330 1765 413 1796 Nam
432 1776 535 1805 neque
554 1765 630 1796 edes
649 1765 827 1805 quidquam
846 1775 950 1805 neque
970 1765 1061 1796 bibes
1079 1765 1165 1805 apud
1190 1776 1240 1797 me
1264 1766 1314 1797 his
1338 1767 1449 1798 decem

1045 1819 1170 1851 diebus,

398 1929 448 1953 218
466 1929 606 1962 uicaspnm
668 1930 718 1954 219
737 1931 781 1954 sat
799 1937 847 1955 om.
867 1929 893 1954 A
957 1930 1004 1954 221
1026 1929 1176 1962 capiendos
1196 1929 1216 1954 C
1281 1930 1332 1955 222
1350 1929 1409 1955 sole
1429 1929 1451 1956 C

330 1971 380 1995 224
398 1971 576 1997 ucudundum
597 1972 619 1996 ei
638 1974 718 2004 pater
792 1972 841 1996 226
860 1975 988 1997 amantur
1008 1971 1030 1997 C
1103 1972 1153 1996 227
1173 1980 1216 1997 me
1235 1979 1284 1997 om.
1360 1972 1450 1998 refen-

331 2014 372 2039 ..i
391 2012 425 2043 B,
446 2012 575 2038 referenti
596 2015 617 2039 U
701 2014 751 2039 228
770 2022 842 2039 nunc
863 2022 939 2039 meus
960 2014 981 2039 C
1067 2014 1117 2039 229
1137 2013 1235 2040 sne-iam
1256 2014 1336 2041 bonis
1356 2014 1379 2040 G

330 2057 362 2080 ut
379 2062 429 2080 om.
483 2056 520 2080 sit
538 2064 580 2081 res
602 2055 624 2081 0
672 2056 722 2081 250
741 2055 851 2089 quidem
871 2057 1019 2089 abaumpta
1038 2055 1150 2089 quidem
1208 2056 1258 2082 232
1277 2056 1448 2089 principium

330 2098 380 2122 283
398 2105 441 2122 me
461 2097 537 2123 indeo
556 2097 592 2130 Β,
613 2106 657 2123 me
676 2098 763 2123 isdem
783 2098 805 2123 0
