1596 2478
304 177 365 206 21ss
817 173 907 199 Plauti
1222 172 1254 201 V,
1273 173 1298 205 2,
1333 173 1417 199 2—86

795 267 920 300 Senex

304 311 374 342 Nou
398 311 513 352 edepol
535 311 613 342 scio.

766 369 952 402 Matrona

622 424 772 456 Profecto
795 424 880 456 ludit
901 428 934 456 te
957 424 1019 455 hic.

795 483 923 516 Senex

1090 526 1160 558 Non
1184 529 1216 558 te
1240 527 1353 558 tenes?
1378 543 1418 548 —

304 581 372 612 Iam
395 590 482 618 uero,
506 579 726 619 Menaechme,
749 581 828 612 satis
851 580 1003 618 iocatu's3
1026 590 1113 612 nunc
1135 580 1219 612 hanc
1242 591 1309 612 rem
1332 591 1417 621 gere.

720 651 752 683 M
760 663 804 684 en
813 662 855 684 ae
864 652 908 683 ch
918 663 947 683 m
955 663 975 684 u
985 663 1000 684 s

306 705 442 744 Quaeso,
452 705 531 746 quid
545 704 623 737 mihi
635 709 742 737 tecum
755 707 827 738 est?
842 705 934 737 Unde
947 709 1006 738 aut
1019 707 1090 746 quis
1104 709 1139 737 tu
1152 705 1246 738 homo
1261 707 1318 737 es?
1326 731 1417 737 .....

305 759 324 798 †
346 758 420 791 Tibi
442 762 501 790 aut
523 759 604 791 adeo
627 760 690 799 isti,
715 770 798 801 quae
822 760 900 791 mihi
926 759 1064 792 molesta
1083 764 1133 792 est
1151 770 1282 801 quoquo
1302 759 1419 791 inodo?

771 831 954 863 Matrona

307 885 409 916 Uiden
433 889 468 916 tu
492 884 537 916 illi
561 884 672 917 oculos
695 885 823 917 uirere‘?
859 885 902 917 Ut
924 884 1039 916 uiridis
1063 885 1208 916 exoritur
1231 885 1320 916 colos
1369 893 1420 919 815

305 939 353 970 Ex
377 938 580 980 temporibus
603 943 702 980 atque
725 939 846 971 fronte!
871 942 908 970 ut
930 939 1014 970 oculi
1038 938 1226 976 scintillant,
1251 939 1334 970 uide.

722 1007 1001 1039 Menaechmus

308 1061 345 1092 Ei
369 1061 455 1099 mihi,
480 1062 622 1093 insanire
647 1072 696 1094 me
720 1062 813 1093 aiunt
835 1061 932 1098 ultro,
956 1072 1054 1102 quom
1077 1061 1141 1102 ipsi
1165 1062 1342 1092 insaniunt.

307 1115 391 1153 Quid
410 1115 486 1146 mihi
505 1115 636 1147 meliust
654 1126 762 1157 quam,
782 1115 913 1156 quando
931 1115 978 1146 illi
997 1126 1046 1147 me
1065 1115 1206 1147 insanire
1220 1115 1420 1155 praedicant,

306 1169 375 1208 Ego
400 1180 449 1200 me
472 1172 507 1200 ut
529 1169 718 1201 adsimulem
743 1170 901 1206 insanire,
925 1173 961 1201 ut
985 1169 1057 1201 illos
1081 1180 1100 1200 a
1124 1180 1172 1200 me
1196 1168 1421 1201 absterream‘?

764 1240 824 1272 Ma
835 1244 896 1272 tro
906 1251 955 1272 na

306 1294 350 1326 Ut
372 1294 586 1336 pandiculans
610 1295 782 1326 oscitatur!
827 1294 911 1332 Quid
930 1304 1014 1326 nunc
1031 1294 1158 1334 faciam,
1176 1295 1218 1326 mi
1237 1295 1352 1336 pater?
1371 1303 1422 1330 820

797 1354 924 1386 Senex

273 1404 275 1407 ’
305 1408 453 1441 Concede
471 1408 542 1447 huc,
568 1419 640 1440 inea
658 1412 746 1447 nata,
770 1408 811 1439 ab
833 1409 927 1447 istoc,
952 1419 1049 1448 quam
1069 1412 1189 1449 potest,
1213 1408 1419 1449 longissume.

728 1467 1000 1499 Menaechmus

307 1522 398 1554 Euoe
422 1521 564 1554 Bacche!
600 1522 739 1560 Bromie,
764 1533 828 1563 quo
853 1533 902 1553 ine
926 1523 958 1553 in
983 1522 1100 1554 siluam
1125 1527 1277 1554 uenatum
1301 1524 1422 1555 uocas?

306 1576 427 1615 Audio;
452 1576 509 1608 sed
532 1587 595 1608 non
620 1576 711 1608 abire
735 1587 864 1618 possum
890 1577 931 1607 ab
955 1576 1005 1608 his
1029 1577 1228 1617 regionibus3

307 1630 357 1662 Ita
379 1630 436 1661 illa
460 1641 508 1661 me
533 1629 574 1661 ab
597 1630 693 1662 laeua
716 1630 848 1662 rabiosa
870 1630 989 1662 semina
1013 1630 1166 1662 adseruat
1189 1631 1296 1670 canis;

307 1684 403 1716 Poste
427 1688 535 1715 autem
558 1683 624 1715 illic
647 1683 754 1716 hircus
779 1685 893 1722 olidus,
924 1685 980 1726 qui
999 1694 1095 1725 saepe
1115 1688 1222 1717 aetate
1244 1685 1275 1716 in
1296 1695 1355 1717 sua
1373 1694 1422 1720 825

307 1737 454 1769 Perdidit
477 1739 580 1770 ciuem
603 1739 809 1770 innocentem
832 1738 916 1770 falso
940 1739 1136 1770 testimonio.

375 1859 422 1883 811
443 1857 504 1884 ΜΔ.
524 1857 588 1884 Non
606 1857 632 1883 Β
761 1857 817 1883 scio
836 1856 962 1889 profecto
1092 1857 1136 1883 hic
1155 1866 1211 1884 uon
1231 1861 1261 1884 tu
1280 1861 1307 1884 te
1326 1859 1425 1885 tenes?

308 1901 358 1926 812
377 1909 419 1925 mc
439 1909 490 1927 nec
509 1909 552 1926 nie
618 1900 727 1926 locatus
794 1908 825 1925 ac
846 1907 902 1925 rem
922 1908 1003 1932 agere
1068 1901 1119 1926 813
1137 1900 1198 1926 ME.
1217 1907 1267 1927 om.
1287 1900 1314 1927 B
1373 1902 1424 1927 815
1475 1895 1485 1901 ⁶
1537 1901 1544 1948 ἰ

308 1943 369 1969 MA.
389 1951 437 1969 om.
458 1942 485 1969 Β
568 1943 752 1969 uin-emindii«
770 1941 806 1975 B,
825 1943 882 1968 iure
901 1942 1061 1968 reatuin-fidis
1083 1942 1105 1969 0
1179 1944 1229 1969 816
1248 1943 1386 1970 sintillant
1405 1943 1428 1970 0

309 1987 358 2011 817
377 1986 476 2019 legitur
492 1989 557 2019 post
574 1986 632 2012 829.
703 1985 780 2011 alunt
848 1984 906 2018 ipse
976 1986 1026 2010 819
1047 1988 1077 2011 nt
1094 1994 1143 2012 om.
1213 1986 1264 2011 820
1283 1986 1343 2012 MA.
1361 1989 1425 2013 ante

309 2028 375 2061 qnid
395 2029 421 2054 B
504 2028 666 2061 pandiculas
754 2028 801 2053 821
823 2027 893 2053 istoc
913 2035 940 2052 es
961 2036 1042 2060 quam
1061 2027 1088 2054 B
1170 2033 1250 2062 poten
1269 2028 1291 2055 C
1375 2030 1425 2054 822

310 2070 371 2096 ME.
392 2078 440 2097 om.
506 2070 577 2096 Eum
597 2071 672 2104 atqu'
691 2071 744 2097 heu
762 2070 798 2102 B,
816 2069 974 2102 Eubiutque
993 2069 1046 2096 lieu
1065 2070 1087 2096 C
1149 2072 1200 2097 823
1218 2071 1313 2097 habire
1374 2072 1424 2097 825

310 2112 377 2138 Post
397 2116 423 2139 te
494 2121 587 2139 aurem
609 2113 631 2139 0
697 2113 737 2139 illi
755 2113 831 2139 circo
851 2113 924 2138 salus
994 2120 1054 2138 sese
1072 2112 1098 2138 B
