1596 2478
700 176 807 202 Casina.
1295 177 1312 205 9

384 675 573 707 OLYMPIO
620 674 842 712 CHALINUS,
890 674 1016 706 SERUI
1041 674 1127 707 DUO

659 760 843 801 Olympio

191 817 261 848 Nou
288 816 365 848 mihi
389 816 486 847 licere
512 827 614 847 meam
640 826 706 846 rem
733 826 781 846 me
806 815 922 850 solum,
947 819 981 845 ut
1007 815 1090 849 uolo,

192 871 293 911 Loqui
319 876 415 910 atque
440 871 585 909 cogitare
610 870 678 900 sine
702 869 756 901 ted
781 869 929 900 arbitro?
1283 878 1316 903 90

192 925 275 962 Quid
301 930 346 959 tu,
373 924 500 955 malum.
529 936 576 955 nie
601 928 759 965 sequere?

655 992 849 1023 Chalinus

805 1046 887 1084 Quia
911 1051 1036 1078 certum
1061 1050 1110 1078 est
1134 1047 1221 1084 mihi,

191 1101 289 1139 Quasi
316 1101 442 1136 umbra„
466 1112 598 1142 quoquo
622 1101 683 1132 ibis
708 1104 751 1137 tu,
777 1107 807 1131 te
833 1102 995 1141 persequi.

191 1156 274 1194 Quin
300 1155 414 1196 edepol
440 1156 548 1192 etiam,
573 1156 598 1185 si
622 1156 652 1186 in
678 1166 807 1186 crucem
833 1156 881 1186 uis
907 1165 1050 1195 pergere.

191 1209 288 1251 Sequi
313 1210 479 1241 decretum
505 1214 563 1240 est.
611 1209 736 1240 Dehinc
761 1209 901 1240 conicito
926 1214 1080 1243 ceterum.

191 1263 340 1296 Possisne
366 1275 466 1295 necne
491 1264 574 1295 clam
599 1274 649 1295 me
673 1264 789 1295 sutelis
813 1265 879 1295 tuis
1139 1290 1145 1296 .
1282 1273 1316 1298 95

190 1318 382 1359 praeripere
407 1318 557 1350 Casinam
584 1330 727 1350 uxorem.
754 1318 890 1359 proinde
916 1322 951 1348 ut
975 1317 1131 1358 postulas.

661 1389 844 1430 Olympio

191 1444 275 1482 Quid
300 1444 361 1475 tibi
386 1446 493 1483 negoti
519 1455 643 1476 mecum
668 1446 738 1476 est?

654 1515 850 1547 Chalinus

787 1569 872 1607 Quid
897 1571 954 1607 ai<e
979 1571 1164 1611 inpudens?

190 1625 275 1662 Quid
300 1626 331 1656 in
356 1625 435 1656 urbe
460 1624 702 1665 leptasssiiilice
727 1624 813 1655 haud
839 1627 945 1663 magui
973 1625 1076 1664 preti?

660 1696 842 1737 Olympio

188 1750 305 1782 Lubet.

650 1806 849 1837 Chalinus

343 1860 427 1898 Quin
451 1861 519 1891 ruri
544 1872 586 1892 es.
612 1861 643 1891 in
670 1861 878 1900 praefectura
901 1862 980 1892 tua?

189 1914 274 1952 Quin
299 1915 417 1955 potius,
443 1915 529 1956 quod
554 1915 699 1955 legatum
725 1922 771 1946 est
797 1914 857 1946 tibi
882 1915 1058 1954 negotium,
1269 1924 1317 1948 100

275 2043 429 2070 CALINUS
522 2044 554 2069 89
574 2043 651 2070 CAL.
672 2043 733 2069 Non
825 2044 856 2069 91
878 2042 932 2069 OL.
953 2043 1022 2076 Quia
1115 2044 1147 2069 92
1166 2047 1196 2069 tu
1215 2044 1269 2069 ibis
1288 2046 1316 2069 te

188 2096 297 2120 semper
318 2087 397 2120 sequi
416 2087 440 2112 A
501 2087 535 2112 97
555 2086 632 2112 CAL.
696 2087 822 2119 negotist
840 2086 866 2111 A
927 2085 980 2112 OL.
1039 2087 1072 2111 98
1092 2086 1169 2112 CAL.
1189 2086 1261 2119 Quid
1280 2086 1314 2117 B,

188 2131 215 2155 C.
235 2130 285 2162 Qui
307 2130 336 2156 Ε
406 2135 495 2156 rectas
515 2128 549 2162 E,
569 2133 657 2156 rastas
677 2130 697 2156 I
765 2130 810 2156 hie
830 2128 905 2155 BIE
974 2130 1049 2162 magi
1068 2129 1087 2155 I
