1596 2478
131 222 164 254 11,
188 224 206 253 1,
229 223 326 248 16—27
610 220 770 247 cistellam.
1185 225 1239 254 101

1192 452 1244 478 315

584 545 782 577 Melaenis

127 600 175 632 Eo
198 599 342 636 facetu's,
368 599 445 639 quia
467 598 527 630 tibi
551 599 618 630 alia
642 603 690 631 est
713 609 832 639 sponsa
854 599 1008 640 locuples,
1034 599 1191 631 Lemnia?

128 654 274 686 Habeas!
298 653 410 694 Neque
434 663 493 685 nos
517 652 659 685 factione
682 656 783 692 tanta,
807 657 930 694 quanta
953 657 998 691 tu,
1022 664 1143 691 sumus,

129 708 241 748 Neque
269 718 348 748 opes
377 711 508 739 nostrae
531 711 599 739 tam
622 711 700 739 sunt
722 707 852 739 ualidae
881 717 978 748 quam
1008 711 1098 746 tuae3
1132 718 1244 739 uerum

840 765 950 792 tamen

128 815 224 848 Haud
239 819 354 853 metuo,
368 825 407 846 ne
425 816 476 847 ius
488 815 659 847 iurandum
677 818 822 847 nostrum
839 815 1011 856 quisquam
1026 815 1176 856 culpitet;
1196 823 1246 849 320

129 871 178 902 Tu
200 871 275 906 iam,
300 870 325 900 si
350 869 426 911 quid
453 869 513 900 tibi
537 869 669 908 dolebit,
694 869 784 908 scies,
808 879 872 910 qua
895 869 1005 900 doleat
1027 869 1142 909 gratia.

522 945 851 978 Alcesimarehus

130 1001 172 1033 Di
196 1011 246 1032 me
270 1000 418 1042 perdant,

590 1059 785 1091 Melaenis

462 1114 696 1154 Quodcumque
720 1117 821 1155 optes,
845 1112 905 1144 tibi
928 1113 1025 1144 uelim
1049 1113 1246 1154 contingere.

525 1190 854 1222 Alcesimarchus

133 1247 167 1279 Si
194 1246 284 1278 illam
312 1256 446 1278 uxorem
475 1245 597 1277 duxero
627 1255 782 1286 umquam
811 1244 889 1276 mihi
900 1269 906 1282 ‚
942 1254 1038 1286 quam
1073 1244 1248 1285 despondit

844 1298 953 1340 pater!

592 1367 787 1399 Melaenis

135 1423 176 1455 Et
198 1434 258 1461 me,
282 1424 310 1454 si
333 1433 486 1464 umquam
511 1422 571 1454 tibi
594 1432 727 1454 uxorem
750 1421 850 1452 filiam
874 1420 994 1452 dedero
1019 1431 1132 1452 meam.

532 1492 854 1525 Alcesimarchus

134 1548 278 1580 Patierin
301 1559 351 1580 me
374 1548 565 1588 periurare?

595 1615 789 1647 Melaenis

604 1670 710 1710 Atque
733 1669 902 1710 aliquanto
925 1668 1054 1700 facilius
1198 1677 1249 1703 325

136 1724 239 1763 Quam
266 1735 315 1756 me
338 1733 510 1765 meamque
532 1734 600 1755 rem
624 1724 728 1764 perire
753 1727 786 1755 et
807 1722 966 1755 ludificari
990 1722 1101 1754 filiam.

136 1778 220 1810 Alibi
245 1788 364 1820 quaere
387 1778 443 1810 ubi
467 1782 523 1810 tuo
546 1777 682 1809 iurando
706 1778 768 1809 iuri
793 1777 872 1808 satis
893 1778 935 1808 sit
954 1777 1094 1815 subsidi;

135 1833 197 1864 Hic
220 1832 307 1873 apud
330 1843 389 1864 nos
412 1833 486 1871 iam,
511 1831 760 1869 Alcesfflarche,
785 1830 971 1871 confregisti
993 1834 1162 1878 tesseram.

221 1952 270 1977 317
289 1959 349 1978 cum
367 1954 487 1978 eaetrema
502 1954 583 1985 parte
601 1959 624 1977 v.
642 1951 696 1977 215
713 1958 766 1976 uno
784 1958 863 1976 versu
880 1950 1115 1983 comprehenditur

137 1995 228 2021 facitis
245 1995 266 2020 I
278 2002 320 2027 pr.
338 2002 373 2020 m.
454 1994 526 2019 lenia
544 1994 563 2020 I
639 1995 688 2020 319
707 2002 775 2026 opus
794 1994 814 2019 Ι
826 2001 869 2025 pr.
888 2001 921 2019 m.
996 1993 1043 2018 321
1065 1993 1148 2018 dolea
1166 1994 1185 2019 Ι

137 2039 186 2064 323
205 2037 273 2063 mihi
292 2045 422 2070 umquam
441 2036 514 2063 ΒΙΕ
609 2045 690 2069 quam
711 2044 758 2062 οηι.
776 2035 831 2061 ΒΕ
923 2035 1064 2068 ‹lispondit
1083 2034 1112 2060 E
1201 2036 1251 2061 325

138 2080 284 2106 Periurare
302 2087 346 2104 me
365 2080 471 2113 patiere
490 2078 565 2105 ΒΙΕ
631 2079 703 2104 sacili
722 2079 754 2104 iis
775 2078 803 2104 E
867 2078 916 2103 326
935 2086 978 2102 me
997 2085 1048 2104 om.
1067 2078 1095 2104 Ε
1159 2077 1248 2104 ludifi-

139 2131 202 2149 care
219 2121 249 2149 E
325 2123 375 2148 327
393 2122 444 2148 Abi
465 2130 581 2155 querere
600 2120 673 2147 BIE
748 2120 945 2146 iur..iuran‹li
957 2141 962 2146 .
974 2140 979 2145 .
991 2139 997 2145 .
1016 2122 1050 2153 A,
1069 2123 1117 2146 tuo
1135 2120 1252 2147 iurando

139 2169 187 2192 tuo
206 2164 281 2192 BIE
344 2165 380 2191 sit
398 2165 481 2191 satias
501 2164 526 2191 A
596 2165 645 2190 328
664 2164 717 2190 iam
737 2171 779 2190 om
804 2163 825 2190 Ι
836 2171 880 2197 pr.
899 2171 932 2190 m.
