1596 2478
290 189 352 219 ⁴362
779 185 921 219 Epidicus.

291 286 365 319 erat,
388 294 441 312 nec
462 282 575 319 „alius“
598 285 677 311 recte
697 284 834 320 ponitur;
857 283 963 311 saltem
978 280 1067 318 „alii“
1088 292 1151 311 esse
1169 281 1280 311 debuit.
1323 278 1412 311 Unus

290 335 404 372 scripsi.
461 334 507 362 Ad
536 343 620 362 usum
649 334 831 371 pronominis
856 334 892 362 cf.
917 334 976 362 Cic.
1000 333 1036 362 ds
1059 333 1174 362 luvent.
1199 333 1236 368 ll,
1262 334 1311 368 50,
1337 334 1410 361 152;

294 386 343 419 „in
366 395 454 413 unam
477 394 625 422 quamque
649 395 710 413 rem
734 388 850 413 tantum
875 385 1007 421 singulas
1023 394 1086 413 esse
1105 384 1217 420 leges“,
1242 394 1284 412 or.
1299 394 1360 421 agr.
1374 383 1412 419 11,

293 437 341 470 31,
366 437 420 464 85:
459 437 502 471 „si
537 437 587 464 uui
616 437 722 473 cuique
751 439 881 464 vesti-um
913 436 972 464 bini
1002 435 1094 474 pedes
1122 434 1342 471 nssiguentur“.
1374 449 1410 454 —

293 487 362 515 214.
398 486 548 524 quantum
577 483 655 522 fuit,
697 498 722 516 v.
753 487 790 515 ad
819 487 885 515 Aul.
918 487 993 522 778;
1034 486 1061 515 h.
1093 487 1110 514 l.
1147 490 1216 524 post
1254 496 1414 521 „numerus

291 536 413 566 tantus“
439 538 641 571 ἀνακολούθως,
665 538 701 566 cf.
726 538 764 566 ud
787 538 891 575 Amph.
918 539 988 566 959.
1016 552 1048 556 —
1078 539 1148 565 215.
1174 533 1374 566 occurrebant
1391 537 1414 565 Β

291 598 367 616 man.
392 598 460 623 sec.,
483 592 554 617 cett.
579 603 618 608 ——
641 585 687 617 ibi
709 589 777 617 add.
802 589 938 617 Mueller.
964 588 1083 616 Nachtr.
1116 598 1143 625 p.
1172 589 1240 616 125.
1273 603 1309 607 —
1341 589 1412 617 216.

291 636 332 667 Id
354 636 439 674 adeo,
464 650 490 668 v.
516 640 552 668 ad
576 640 682 677 Amph.
707 639 779 668 464.
830 636 1247 677 qui...animaduorterim,
1277 639 1412 667 auditur:

294 691 454 727 „quaeratis
478 689 634 726 forsitan“,
657 694 692 719 ut
708 690 790 719 Triu.
812 691 908 719 1050:
937 690 1020 726 „Hoc
1038 691 1088 728 qui
1107 690 1136 718 in
1155 693 1278 718 mentem
1299 691 1415 719 venerit

293 741 404 770 mihi?“
458 742 547 770 Poen.
574 742 643 770 350.
695 742 762 771 Ter.
787 742 879 770 Andr.
906 742 975 774 191,
999 742 1036 771 cf.
1060 741 1168 770 Donat.
1198 741 1316 770 Phorm.
1343 742 1413 770 635.

291 793 348 821 Ad.
374 793 423 821 84.
449 794 520 821 261.
545 795 614 822 374.
647 808 687 812 —-
717 794 786 822 218.
816 790 858 821 ad
875 791 999 829 portam
1022 792 1048 820 A
1071 795 1106 820 ut
1130 793 1204 827 222,
1237 794 1273 820 cf.
1302 795 1348 822 15.
1372 807 1415 812 --

292 844 392 881 atqaeae,
417 854 443 872 v.
470 844 506 872 ad
531 844 637 872 Bacch.
663 845 733 873 276.
761 858 797 863 -
822 841 870 872 illi
894 848 924 872 ot
946 845 971 872 A
996 848 1026 872 et
1049 844 1082 876 B,
1105 854 1133 872 v.
1157 844 1195 872 ad
1213 844 1318 882 Amph.
1342 845 1412 873 245.

291 909 332 915 -·
357 896 428 924 220.
452 903 546 933 quam
569 898 678 932 praeter
702 895 724 923 Β
748 905 862 929 omnes3
886 892 1010 924 deamat
1032 896 1089 923 inm
1113 896 1143 923 iu
1167 895 1188 923 Β
1215 894 1412 923 emendatum.

291 961 332 966 —-
363 947 432 975 221.
468 946 511 975 Cf.
536 946 654 975 Trucul.
680 948 734 975 45:
774 950 823 982 „et
848 947 928 984 ipsus
951 947 1041 984 periit
1064 949 1094 974 et
1116 956 1163 975 res
1186 949 1216 974 et
1239 945 1343 974 fides“.
1372 959 1416 965 -·

292 999 363 1027 223.
382 996 494 1027 ornata
506 998 541 1033 A,
565 1000 599 1026 ut
622 999 679 1026 iam
698 997 812 1026 Camer.
853 997 964 1035 Lepide
984 997 1178 1032 vestimentis,
1202 1007 1285 1032 auro,
1309 997 1416 1025 ceteris

293 1049 380 1078 rebus
404 1050 580 1078 instructam
603 1049 685 1077 dicit.
730 1047 850 1084 aurata,
875 1050 910 1077 cf.
936 1048 1011 1077 Men.
1037 1050 1106 1078 789.
1136 1063 1176 1068 —
1212 1049 1283 1076 224.
1320 1045 1413 1085 Quid,

291 1110 319 1129 v.
343 1100 443 1129 Madv.
468 1100 517 1129 Gr.
543 1100 608 1128 Lat.
635 1101 694 1128 237
721 1110 746 1128 a.
803 1096 950 1129 inducula
973 1103 1019 1129 est
1042 1101 1141 1135 vestis,
1174 1109 1239 1137 quae
1264 1099 1414 1134 induitur3

291 1148 400 1188 reyilla
421 1152 483 1180 sive
506 1154 588 1179 recta
616 1152 717 1179 tunica
745 1151 916 1185 dicebatur,
951 1161 1039 1189 quam
1069 1151 1233 1179 induebant
1262 1153 1292 1179 et
1318 1150 1415 1187 pridie

292 1203 463 1240 nuptiarum
487 1202 565 1230 diem
588 1203 717 1240 virgines
741 1205 779 1237 et,
804 1202 853 1231 ubi
878 1203 993 1230 virilem
1012 1206 1109 1239 togam
1127 1203 1293 1236 sumebant,
1318 1202 1412 1239 pueri,

291 1263 317 1282 v.
343 1253 421 1282 Fest.
447 1263 474 1291 p.
502 1254 571 1282 286.
618 1253 731 1282 Nonius
755 1263 784 1290 p.
810 1254 886 1282 539:
921 1253 1054 1291 „Regilla
1077 1254 1168 1282 vestis
1193 1253 1375 1281 deminutive
1398 1264 1414 1281 a

290 1306 372 1342 regia
402 1304 482 1333 dicta
511 1308 545 1333 ut
572 1308 601 1333 et
630 1305 765 1334 vasilica:
802 1315 839 1333 un
868 1305 1003 1341 regillam
1035 1305 1198 1333 tuniculam
1222 1304 1354 1333 indulum
1377 1314 1413 1332 an

292 1354 529 1384 mendiculam?⁴‘
587 1356 658 1391 Quae
681 1356 826 1384 derivatio
850 1357 983 1393 quamvis
1006 1365 1109 1393 parum
1133 1358 1215 1384 recta
1237 1357 1285 1390 sit,
1315 1358 1413 1384 tamen

291 1407 398 1435 Plauto
420 1407 578 1436 observata
602 1411 656 1442 ost,
681 1417 748 1436 nam
772 1403 955 1441 memlicula,
980 1417 996 1434 a
1016 1406 1150 1435 mendico
1169 1407 1298 1442 ductum,
1323 1407 1412 1444 regiae

291 1458 366 1486 vesti
396 1459 568 1495 opponitur.
606 1473 645 1477 —-
688 1459 758 1487 225.
793 1455 1005 1494 inpluuiatam
1040 1457 1158 1486 ridiculi
1191 1467 1280 1486 causa
1313 1457 1413 1486 fictum

291 1508 418 1537 videtur.
481 1509 546 1538 Non
581 1510 728 1538 intellexit
758 1509 870 1537 Nonius
904 1519 932 1546 p.
969 1510 1043 1537 548:
1087 1509 1299 1546 „impluvintus
1332 1509 1414 1537 color

291 1560 375 1597 quasi
399 1560 511 1589 fumsto
534 1560 684 1589 stillicidio
708 1560 858 1597 implutus,
884 1561 935 1597 qui
959 1564 1004 1588 est
1029 1560 1206 1589 Mutinensis
1229 1570 1315 1597 quem
1341 1569 1415 1588 nuno

291 1611 424 1640 dicimus.
472 1611 596 1640 Plautus
614 1613 644 1639 in
664 1611 805 1649 Epidico:
830 1609 1017 1649 iupluuiatn‘?
1041 1615 1075 1640 ut
1092 1612 1168 1640 istae
1190 1611 1304 1640 faciunt
1322 1612 1414 1640 uesti-

292 1663 398 1691 mentis
422 1663 571 1691 nomina“.
630 1661 708 1691 istac
738 1660 861 1698 faciunt
889 1665 978 1690 utiam
1002 1664 1036 1691 A.
1097 1662 1258 1698 ,‚fuciu1us“
1285 1663 1308 1691 B
1336 1673 1412 1691 man.

291 1723 358 1748 sec„
382 1717 451 1742 cett.
483 1728 521 1733 —
554 1714 624 1743 226.
663 1711 739 1744 Utin
762 1724 816 1742 em.
842 1714 1003 1742 Acidalius.
1058 1710 1154 1748 fuerit
1179 1715 1214 1749 A;
1253 1714 1288 1742 cs.
1313 1714 1412 1743 Madv.

291 1764 342 1793 Gr.
369 1765 428 1793 353
453 1767 513 1793 not.
550 1765 624 1794 Rud.
654 1766 743 1793 1050.
779 1765 846 1794 Ter.
873 1765 990 1794 Phorm.
1016 1766 1086 1793 874.
1125 1764 1193 1793 Huc.
1222 1766 1294 1794 199:
1322 1765 1413 1801 „Utin

291 1825 392 1844 omnes
415 1816 555 1844 mulieres
579 1817 680 1845 eadem
705 1826 798 1853 aeque
822 1816 962 1844 studeant
985 1817 1138 1853 nolintque
1161 1814 1299 1844 omnia?⁴
1342 1816 1413 1845 Hor.

291 1866 352 1895 Sat.
377 1866 415 1901 11,
442 1870 468 1902 5,
495 1868 548 1896 18:
587 1867 683 1903 „Utne
713 1870 810 1904 tegani
840 1876 947 1904 spui-co
971 1867 1072 1896 Damae
1101 1866 1219 1896 latus?“
1244 1881 1286 1886 —
1317 1866 1414 1895 Verba

294 1914 379 1953 Quid
407 1916 488 1946 istuc
515 1922 586 1947 cett.
611 1928 675 1946 cum
705 1917 856 1955 plerisque
887 1918 952 1946 edd.
978 1918 1104 1956 Epidico
1137 1917 1222 1952 dedi,
1256 1928 1313 1947 non
1348 1927 1412 1946 cum

291 1968 417 1997 Goetzio
453 1969 606 2006 Apoecidi.
664 1968 725 1997 tam
748 1970 782 1998 A.
818 1983 858 1988 --
893 1970 963 1998 227.
999 1970 1075 2004 Quia
1104 1969 1279 2007 impluvium
1307 1968 1413 1998 aedium

291 2029 360 2057 pars
383 2023 444 2051 est.
480 2022 601 2058 quaerit,
637 2030 689 2049 cur
719 2031 776 2049 non
807 2020 948 2057 impluvio
972 2021 1073 2048 ornari
1096 2021 1226 2057 possint,
1260 2020 1310 2057 qui
1334 2029 1413 2057 saepe

291 2067 405 2106 fundis
429 2075 582 2106 ornentur,
618 2073 636 2100 i.
660 2082 684 2099 e.
710 2072 889 2100 ornamentis
913 2072 1070 2100 fundorum
1099 2071 1196 2109 pretio
1224 2072 1341 2108 emptis,
1376 2072 1412 2099 cf.

293 2123 363 2151 236.
398 2136 439 2142 -—
475 2123 534 2151 228
559 2132 602 2161 sq.
633 2122 795 2160 Geppertio
829 2119 917 2151 huius
952 2122 1008 2151 looi
1042 2132 1104 2151 esse
1137 2131 1196 2151 nou
1227 2121 1413 2151 videbantur.
