1561 2473
607 200 636 226 V.
657 201 802 227 817—845.
1206 205 1268 234 433

144 296 263 328 Sumne
286 300 315 325 et
339 294 433 325 audio
457 297 503 325 ed.
528 307 573 334 pr.
604 310 641 316 —
676 297 746 325 839.
778 296 867 325 Deest
891 296 1003 334 aliquid
1026 299 1135 326 versui.
1182 298 1267 326 Both.

147 359 182 384 „a
207 348 269 376 me*
301 347 418 375 addidit
447 350 515 375 ante
543 347 690 383 ‚,amoui“‚
722 347 868 376 Fleckeis.
897 346 1021 383 „hinc“;
1055 347 1107 376 sed
1131 352 1270 376 neutrum

144 400 339 428 necessarium
364 403 425 432 est;
450 405 553 426 contra
578 400 740 435 requiritur
765 399 897 431 verbum,
922 398 999 427 unde
1023 398 1151 437 pendeat
1173 395 1270 434 hunc3

144 452 246 488 itaque
263 448 370 486 petam
395 449 507 477 addidi.
533 464 572 468 —
604 450 673 477 840.
707 446 879 483 tremulum,
904 454 1054 478 senectute
1077 454 1271 486 trementem;

144 502 178 530 cf.
202 501 297 529 Catul.
324 502 371 534 61,
399 501 474 528 161:
513 500 691 535 „tremulum
723 510 842 528 mouens
874 511 946 529 cana
974 506 1092 539 tempus
1121 499 1270 529 anilitas“.

146 549 314 581 Tithonum
339 551 488 580 Meursius
517 561 571 579 em.
596 550 673 579 Nota
702 555 746 578 est
776 551 876 579 fabula
907 551 944 579 de
968 552 1182 580 Laomedontis
1210 551 1272 580 filio

147 604 182 632 ub
212 605 328 631 Aurora
358 605 470 636 amato,
506 611 571 639 quae
602 601 747 629 infinitam
779 603 805 629 ei
836 606 1017 630 senectutem
1048 603 1186 640 precibus
1211 604 1272 631 suis

145 655 326 692 impetravit.
373 652 464 681 Codd.
482 652 658 687 „Titanum‘”
675 662 774 681 errore
793 654 925 690 antiquo,
949 655 999 690 qui
1018 654 1106 681 etiam
1120 653 1273 681 Prisciano

146 706 320 734 obversatus
344 707 397 738 est,
421 705 471 741 qui
489 703 529 731 VI
548 714 576 741 p.
591 704 652 731 688
676 703 712 730 de
735 703 789 731 hac
812 704 905 731 forma
924 704 1066 741 disputat.
1080 719 1120 723 —
1134 703 1274 732 Proxima

147 767 182 785 ex
212 756 314 784 eodem
344 757 537 791 grammatico
569 755 700 782 restituit
727 753 891 783 Palmerius
925 765 980 793 pro
1014 754 1130 791 „luceff
1162 755 1274 793 scripto

146 804 239 842 cluet,
270 808 288 834 i.
313 816 336 834 e.
361 809 498 841 vocatur,
529 806 564 834 cf.
590 806 697 843 Amph.
724 807 793 833 641.
842 806 946 833 Bacch.
971 807 1042 834 920.
1088 805 1176 843 Epid.
1204 807 1273 834 190.

148 858 256 886 Pseud.
282 858 353 885 923.
393 857 475 886 Trin.
503 858 571 885 310.
598 857 658 884 498
695 857 765 884 622.
807 856 882 885 Rud.
909 858 978 885 284.
1028 853 1152 894 nynus
1175 862 1273 885 autem

148 909 194 937 vel
222 906 343 946 Cycnus
371 918 429 937 non
453 908 573 936 Tithoni
605 917 692 935 causa
723 908 900 943 nominatur,
935 909 1019 944 quasi
1051 909 1075 936 is
1104 909 1166 936 eius
1195 908 1275 936 filius

147 961 201 995 sit;
231 960 283 988 sed
311 969 400 987 senex
424 963 548 996 propter
572 968 676 986 canum
700 962 790 995 caput
813 958 872 986 albi
896 959 958 987 avis
981 958 1060 986 filius
1085 959 1202 995 dicitur,
1228 960 1274 987 vel

147 1011 255 1046 herois,
280 1020 365 1048 quem
389 1010 496 1038 fabulae
520 1011 548 1037 in
573 1009 684 1038 olorem
709 1012 855 1037 mutatum
874 1019 937 1037 esse
955 1009 1125 1038 narrabant.
1161 1009 1274 1038 Ritsch.

148 1062 256 1101 Opusc.
280 1061 309 1090 ΙΙ
332 1071 361 1099 Ρ.
386 1062 463 1096 478,
498 1065 531 1089 ut
556 1071 620 1089 eam
644 1061 771 1089 nominis
802 1060 942 1095 formam,
977 1071 1036 1098 qua
1064 1061 1128 1098 ipse
1152 1061 1277 1089 Plautus

148 1124 218 1142 usus
237 1123 300 1141 esse
317 1112 446 1147 videtur,
471 1113 651 1146 restitueret,
675 1112 812 1149 scripsit:
840 1112 911 1149 „qui
929 1112 1008 1139 cluet
1029 1111 1140 1140 Cucino
1160 1109 1275 1149 patre“,

148 1165 234 1203 prob.
259 1164 367 1192 Luchs
392 1164 421 1192 in
451 1163 584 1191 Studem.
609 1163 693 1191 stud.
718 1162 731 1190 1
754 1172 784 1199 p.
811 1165 858 1191 51.
912 1162 1017 1199 Wagn.
1047 1166 1165 1191 retento
1194 1163 1275 1190 codi-

151 1225 215 1244 cum
239 1215 343 1244 ordine
371 1214 500 1250 „Cucino
522 1216 699 1252 prognatum
729 1212 845 1250 patre“.
880 1228 923 1232 —
957 1214 1028 1241 841.
1064 1213 1168 1247 artum
1203 1213 1276 1241 hanc

150 1267 273 1294 formam
303 1265 480 1294 confirmant
510 1269 539 1293 et
561 1265 731 1293 Priscianus
755 1264 794 1292 VI
817 1274 845 1302 p.
872 1265 932 1292 714
962 1268 993 1292 et
1020 1264 1133 1293 Nonius
1162 1275 1190 1302 p.
1218 1265 1275 1292 191

152 1318 230 1346 bunc
247 1327 364 1346 versum
386 1316 604 1345 affe1·entes.—
630 1317 700 1344 844.
727 1312 854 1344 Faciam
879 1313 961 1353 quod
982 1313 1085 1350 iubes;
1110 1315 1278 1352 Apollinem

153 1369 325 1406 alloquitur.
353 1383 387 1386 —
414 1365 549 1396 securim
572 1365 750 1404 ancipitem,
775 1367 809 1395 cf.
834 1367 910 1395 Rud.
938 1368 1034 1401 1145;
1065 1367 1201 1404 bipennis
1225 1371 1277 1394 est.

153 1435 194 1440 ——
218 1420 264 1448 Ad
287 1420 373 1453 hunc,
398 1429 457 1447 non
483 1419 519 1447 ad
543 1419 710 1456 proximum
734 1428 853 1446 versum
876 1418 1028 1455 pertinere
1051 1427 1114 1446 voc.
1132 1416 1280 1453 „senem“,

154 1472 239 1500 facile
274 1474 407 1509 apparet.
465 1470 499 1498 R.
525 1474 621 1498 totum
649 1470 746 1498 locum
776 1470 818 1497 sic
846 1469 1014 1505 rescripsit:
1052 1468 1147 1503 „hunc
1181 1478 1279 1497 senem

155 1522 226 1551 Osse
259 1526 346 1550 tenus
381 1522 488 1550 dolabo
523 1518 566 1559 [et
602 1516 767 1557 concidam]
806 1520 959 1548 assulatim
999 1518 1152 1554 uisceraf,
1193 1520 1280 1548 nimis

155 1574 286 1602 licenter.
337 1570 415 1603 Osse
443 1570 501 1609 fini
529 1576 573 1601 est
601 1582 694 1609 usque
726 1572 762 1599 ud
786 1582 839 1610 os*
874 1571 1041 1599 Gronovius
1068 1580 1183 1605 „ossum
1207 1568 1277 1597 fiui“

156 1625 259 1657 voluit,
282 1628 316 1652 ut
339 1624 402 1652 Cat.
429 1624 463 1653 R.
488 1624 522 1652 R.
550 1623 623 1651 113:
657 1623 833 1660 „amphoras
858 1622 981 1659 implere
1005 1631 1142 1649 ansarum
1165 1620 1280 1648 infima-

156 1686 219 1704 rum
233 1674 314 1703 fini“.
350 1675 420 1704 Sall.
438 1675 575 1709 Hist.111,
591 1675 645 1702 93:
673 1674 749 1709 „fine
768 1675 921 1711 inguinum
941 1672 1151 1709 ingrediuntur
1169 1670 1280 1699 mare“.

157 1726 228 1756 Caes.
254 1726 285 1755 B.
310 1727 374 1755 Afr.
400 1729 453 1755 85:
481 1736 554 1764 „per
576 1735 656 1753 mare
679 1725 812 1752 umbilici
835 1723 892 1752 fine
916 1721 1072 1761 ingressi“.
1119 1722 1178 1751 Sed
1201 1726 1281 1750 recte

157 1778 236 1806 Brix.
262 1778 483 1809 animadvertit,
508 1787 543 1804 ne
568 1776 622 1805 hoc
645 1775 763 1813 quidem
787 1779 902 1804 mutato
926 1784 1000 1812 opus
1025 1783 1097 1808 esse,
1121 1783 1188 1801 nam
1207 1772 1281 1801 Cato
1318 1780 1322 1784 ’

158 1830 248 1857 etiam
272 1829 306 1857 R.
329 1829 363 1857 R.
389 1828 444 1857 28:
484 1828 619 1865 „operito
641 1830 722 1855 terra
746 1826 895 1854 radicibus
918 1823 1000 1853 fini“.
1025 1839 1066 1843 —
1099 1820 1282 1859 „assulatim

157 1883 191 1908 ut
213 1878 400 1908 minntatim“
433 1879 546 1906 Nonius
576 1888 605 1916 p.
631 1879 669 1906 72
693 1877 755 1906 haec
787 1878 828 1905 sic
858 1875 994 1904 afferens:
1030 1876 1105 1911 „nisi
1136 1874 1283 1902 dedolabo

159 1931 312 1959 assulatim
335 1929 487 1965 viscera“;
511 1930 545 1958 cf.
567 1929 604 1957 ad
623 1928 707 1966 Capt.
723 1928 792 1956 826.
839 1927 895 1955 Sed
920 1927 1104 1955 accusativus
1130 1922 1281 1961 „uiscera“

159 1991 217 2010 una
240 1991 306 2009 cum
329 1981 515 2009 antecedenti
542 1980 637 2016 „bunc
662 1977 779 2007 senem“
806 1979 876 2005 ferri
899 1987 958 2005 non
980 1980 1098 2014 potest,
1129 1986 1183 2004 nec
1207 1977 1283 2004 enim

160 2033 321 2070 appositio,
352 2041 437 2069 quam
463 2031 575 2059 Teuffel
598 2032 675 2058 Anu.
699 2030 769 2067 phil.
794 2028 829 2057 lC
852 2039 881 2066 p.
907 2029 982 2064 485,
1013 2037 1065 2055 nec
1089 2027 1283 2064 aposiopesis,

160 2092 248 2120 quam
271 2082 411 2111 Schwabe
434 2083 510 2110 Anu.
534 2081 607 2119 phil.
632 2081 680 2110 GV
704 2091 731 2118 p.
758 2081 818 2108 414
844 2079 986 2114 defendit,
1017 2078 1078 2107 ullo
1106 2078 1192 2106 modo
1215 2087 1283 2115 pro-

161 2134 269 2162 babilis
299 2138 353 2162 est.
411 2135 471 2161 Aut
505 2143 570 2160 cum
594 2132 763 2160 Camerario
796 2130 882 2166 „huic
911 2127 991 2158 seni“
1023 2129 1211 2157 scribendum
1240 2131 1285 2156 est

1049 2186 1082 2210 23
