1596 2478
290 155 350 186 348
756 153 934 179 Mostellaria.

288 252 373 289 illud,
397 262 505 286 necem,
523 251 665 279 Tranioni
678 250 812 287 promitti
826 249 974 278 intellexit
987 249 1112 285 Gemma,
1135 259 1226 287 quum
1238 250 1410 287 suppleret:

291 303 418 337 „Postea
441 304 470 331 in
493 311 608 330 crucem
632 300 742 329 recta“.
787 300 900 329 Ritsch.
929 303 1106 338 „postea—
1121 300 1180 329 ΤΒ.
1206 300 1260 329 Pol
1283 311 1337 339 per
1360 305 1411 330 tua

289 357 318 382 te
341 354 453 390 gviiim‘*
481 363 546 381 cum
569 353 752 390 aposiopesi3
776 351 827 380 sed
851 351 1012 389 simplicius
1036 351 1157 380 additur
1180 358 1265 380 crux.
1281 367 1317 371 —
1339 354 1411 381 730.

289 402 366 433 sciet
389 405 458 432 olim
482 403 681 431 emendatum.

376 456 448 483 732.
472 454 602 483 senariis
626 454 741 491 reliqua
763 463 856 482 scenoe
880 463 949 492 pars
971 454 1081 491 scriptu
1104 456 1158 482 est.
1211 453 1281 482 Post
1305 464 1330 483 v.
1351 455 1411 483 732

289 505 476 534 intercidisse
506 505 619 542 aliquid
647 504 774 542 putabat
805 504 982 533 Ritschelius
1014 504 1101 541 „quia
1131 504 1197 532 talis
1225 506 1322 542 coepti
1351 515 1412 534 ser-

291 557 384 585 monis
408 556 611 594 interpellatio
634 556 752 584 minime
775 555 914 584 Plautina
937 554 1010 591 sit“;
1034 556 1064 583 in
1088 565 1146 593 quo
1169 555 1292 593 fallitur,
1316 557 1351 585 cf.
1376 556 1412 584 ad

291 609 372 636 Asin.
398 608 467 642 347,
498 611 528 635 et
551 607 672 644 vulgata
695 606 746 634 illa
772 606 867 641 „Quid
890 606 953 641 hoc,
985 605 1063 644 quod
1093 612 1122 634 te
1146 605 1257 643 i·ogo'?“
1306 607 1412 636 Pseud.

292 660 363 687 479.
398 658 517 687 Trucul.
540 659 615 686 270:
644 657 738 692 „Quid
763 657 825 691 hoc,
851 657 929 694 quod
953 657 989 686 ad
1013 660 1042 685 te
1065 655 1195 685 uenio?“
1232 657 1316 686 Cure.
1342 659 1414 688 456.

291 725 331 729 —
356 711 427 738 734.
452 707 538 747 quid,
563 708 757 743 indefinitum,
781 718 807 737 v.
834 708 870 736 ud
888 707 995 736 Bacch.
1014 709 1085 736 271.
1120 707 1207 745 Epid.
1229 709 1300 737 323.
1335 709 1413 739 Men.

292 761 363 790 832.
389 775 424 780 -—
451 761 522 789 735.
548 756 642 788 Nihil
664 757 845 797 quidquam,
869 769 896 787 v.
915 759 952 788 ad
970 760 1052 788 Asin.
1066 760 1135 788 145.
1181 759 1251 788 Haec
1273 760 1363 789 verba
1383 760 1413 797 C,

291 821 381 850 quum
405 812 434 840 in
458 812 539 840 exitu
563 820 666 839 versus
685 810 834 844 caderent.
871 819 971 838 errore
991 810 1020 838 in
1040 810 1167 847 proximi
1185 819 1287 838 versus
1305 812 1415 840 exitum

291 867 361 900 post
387 861 511 899 ῃφωιιΐΑ
543 862 706 890 transtulit.
742 877 783 880 —
806 861 849 890 SI.
885 857 972 890 Mem
999 858 1086 898 quid,
1118 861 1164 889 ed.
1188 871 1232 898 pr.
1268 876 1308 880 —
1344 863 1413 890 736.

292 911 430 952 liquidus
452 913 542 948 Cam„
567 913 603 941 cf.
628 912 716 950 Epid.
742 913 812 941 641.
848 912 953 940 Pseud.
973 912 1047 941 233:
1076 912 1208 949 „liquido
1232 922 1263 941 es
1286 912 1415 941 auimo“.

291 965 355 994 Mil.
366 966 441 994 666:
459 964 762 1001 „liquidiusculusque
776 973 836 1000 ero,
850 973 937 1001 quam
952 967 1058 992 uentus
1072 967 1115 991 est
1129 963 1309 992 1·'auouius“.
1334 964 1414 993 Pers.

293 1017 370 1045 604:
398 1016 562 1054 „liquidum
587 1014 780 1053 auspicium“.
838 1014 933 1043 Cutul.
959 1015 1012 1050 63,
1044 1016 1098 1043 46:
1132 1014 1264 1052 „liquida
1287 1013 1415 1044 mente“.

292 1082 327 1086 —
360 1068 429 1095 737.
453 1073 549 1100 orare,
574 1076 613 1094 sc.
640 1076 694 1101 me,
718 1076 746 1094 v.
771 1065 807 1094 ad
831 1065 938 1103 Amph.
965 1067 1013 1094 22.
1039 1080 1079 1085 —
1104 1066 1173 1094 738.
1205 1062 1296 1094 hasce
1319 1066 1416 1101 codd.,

292 1119 380 1146 etiam
404 1118 443 1153 Β,
472 1128 498 1146 v.
523 1117 654 1146 Studem.
680 1118 754 1146 Anu.
778 1117 850 1154 phil.
875 1116 970 1145 CXIII
994 1127 1022 1154 p.
1049 1117 1096 1145 66.
1122 1131 1162 1136 -—
1192 1117 1262 1145 740.
1295 1113 1416 1155 Gynae-

293 1177 392 1205 ceum,
429 1169 463 1197 cf.
490 1169 560 1196 744.
617 1165 696 1197 Satis
721 1171 851 1206 constat,
885 1168 965 1206 apud
990 1168 1108 1197 Graecos
1137 1168 1276 1196 mulieres
1305 1178 1323 1196 a
1346 1169 1417 1197 viris

292 1223 421 1249 secretas
455 1220 567 1247 versari
601 1219 704 1247 solitas
739 1229 803 1248 esse
838 1220 866 1247 in
901 1220 1044 1248 interiore
1077 1223 1162 1257 parte
1196 1219 1318 1254 aedium,
1353 1229 1417 1257 quae

292 1273 476 1310 γυναικωνῖτις
499 1271 681 1309 appellatur,
706 1273 740 1299 ut
762 1270 892 1299 Cornelii
916 1270 1041 1307 Nepotis
1064 1270 1164 1299 verbis
1187 1272 1255 1298 utar
1277 1270 1363 1299 Praef.
1389 1272 1416 1306 7,

293 1323 329 1352 cf.
353 1322 487 1360 Xenopb.
513 1322 619 1351 oecon.
640 1323 668 1356 9,
694 1323 721 1350 5.
741 1322 779 1349 ul.
826 1322 907 1350 Hunc
933 1321 1079 1350 interdum
1103 1322 1286 1358 superiorem
1311 1321 1416 1350 aedium

293 1377 409 1412 partem
434 1374 533 1409 fuisse,
557 1373 602 1401 vel
628 1383 663 1400 ex
686 1373 782 1410 Lysiae
806 1383 848 1402 or.
876 1374 901 1407 1,
926 1374 943 1401 9
969 1375 1070 1400 notum
1095 1374 1148 1407 est,
1172 1372 1223 1400 sed
1247 1372 1299 1400 ubi
1324 1373 1416 1402 libere

294 1426 435 1464 explicari
459 1427 599 1462 poterant
623 1423 762 1461 aedificia,
791 1425 890 1460 potius
916 1425 1038 1452 interior
1064 1426 1115 1451 aut
1137 1424 1286 1461 posterior
1309 1423 1416 1452 oedium

293 1486 362 1514 pars
385 1479 460 1504 erut.
506 1475 578 1503 Tale
602 1476 766 1513 exemplum
781 1475 929 1513 Pompeiis
953 1484 1015 1503 esse
1038 1475 1158 1503 videtur
1182 1475 1210 1502 In
1230 1474 1326 1510 domo,
1352 1485 1416 1512 quoe

295 1530 416 1556 vocatur
435 1526 568 1555 Sallustii
592 1536 614 1555 s.
629 1527 787 1556 Actaeonis.
804 1541 846 1546 —
865 1527 934 1554 741.
960 1523 1108 1555 balineas.
1155 1525 1198 1554 De
1216 1525 1270 1554 hac
1293 1525 1418 1564 pluralis

294 1579 387 1607 forma
410 1589 437 1606 v.
463 1578 547 1606 Varr.
573 1577 606 1606 L.
630 1578 664 1606 L.
686 1577 736 1614 lx,
762 1579 811 1607 68.
847 1578 935 1614 Apud
959 1577 1076 1605 Graecos
1101 1580 1197 1605 nutem
1222 1577 1278 1605 iam
1302 1577 1417 1613 pridem

294 1630 323 1657 iu
358 1631 481 1667 privatis
511 1629 623 1658 aedibus
651 1638 708 1657 nou
738 1632 770 1657 ut
798 1628 876 1666 upud
906 1629 1042 1665 antiquos
1067 1627 1214 1656 Romanos
1243 1637 1332 1656 uuum
1357 1628 1417 1656 bul-

293 1690 381 1708 neum
405 1682 464 1708 sive
490 1680 637 1709 lavati-ina
659 1683 732 1716 erat,
756 1680 807 1708 sed
830 1679 899 1708 bina
924 1682 975 1707 aut
998 1681 1082 1706 terna
1105 1679 1260 1707 coniuncta
1283 1679 1419 1707 cubicula

293 1731 435 1760 lavationi
470 1731 626 1767 destinata,
662 1732 761 1768 qualia
791 1731 899 1768 saepius
924 1730 1072 1768 Pompeiis
1102 1730 1247 1758 visuntur.
1304 1729 1417 1758 Ibidem

294 1778 464 1811 ambulacri
491 1783 552 1810 sive
585 1782 793 1810 ambulationis
822 1791 886 1810 cum
910 1779 1037 1818 porticu
1066 1781 1159 1809 multu
1183 1781 1316 1818 exempla
1338 1784 1416 1809 sunt.

297 1848 332 1852 --
368 1834 437 1861 742.
472 1830 652 1861 somniem.
677 1832 830 1868 Mueller.;
865 1832 1066 1860 consomniare
1096 1831 1170 1859 nihil
1193 1835 1246 1859 est.
1278 1847 1316 1850 -—
1347 1832 1416 1861 743.

294 1884 443 1922 quantum
461 1882 576 1920 potest,
602 1893 627 1912 v.
649 1883 685 1912 ad
698 1883 804 1920 Amph.
819 1883 890 1911 964.
914 1897 955 1901 —
981 1883 1049 1911 744.
1070 1889 1257 1919 yynaeceum
1279 1886 1418 1920 correpta

295 1934 477 1972 paenultima,
491 1945 516 1963 v.
530 1934 612 1971 praef.
628 1933 824 1971 v01.11p.X1;
838 1932 906 1962 add.
923 1932 1116 1971 ‚.con0pium“
1134 1933 1204 1961 Hor.
1214 1932 1310 1971 Epod.
1325 1934 1352 1968 9,
1369 1935 1416 1963 16.

294 2000 335 2004 —-
366 1986 436 2013 745.
467 1983 570 2023 Nam,
600 1995 626 2014 v.
652 1986 687 2013 ud
712 1985 818 2022 Amph.
847 1985 914 2013 104.
961 1984 1129 2021 Scripturas
1153 1984 1286 2012 codicum
1312 1984 1365 2013 hoc
1389 1987 1419 2013 et

295 2037 430 2074 proximo
460 2045 547 2064 versu
576 2036 795 2064 accuratissime
825 2035 968 2063 indicavit
996 2034 1190 2063 Studemund.
1215 2035 1320 2063 Annel.
1345 2035 1418 2072 phil.

295 2086 392 2117 CXIII
417 2097 446 2125 p.
472 2088 526 2121 03,
561 2096 618 2125 quo
653 2086 726 2115 duce
761 2087 791 2114 in
821 2086 917 2115 altero
948 2095 1034 2114 versu
1065 2086 1170 2124 scripsi
1199 2082 1418 2121 &aedificatas
