1561 2473
263 187 326 218 438
349 167 355 173 ”
734 183 909 210 Menaechmi.

267 281 415 317 „Quorum
440 281 507 310 duri
526 278 634 317 (oculi)
652 283 730 315 eunt,
755 281 852 309 minus
876 281 980 309 vident
1003 290 1092 318 quam
1115 291 1241 319 quorum
1265 281 1388 311 umidi“.

263 333 389 361 Aristot.
413 332 449 360 de
472 332 608 370 psi-tibus
631 333 720 360 anim.
735 331 773 365 11,
796 333 848 361 13:
875 332 964 359 πάντα
988 333 1209 369 σκληρόφθαλμὰ
1231 334 1311 364 ἐστιν,
1333 330 1391 360 οἷον

262 383 394 420 βλέποντα
417 383 461 410 διὰ
483 384 530 411 τοῖ-
551 382 689 419 βλοφάρου
712 383 947 419 προσπεφυκότος.
1000 382 1050 417 IV,
1074 383 1106 412 6:
1139 384 1199 414 τοὺς
1223 383 1310 415 πόδας
1332 384 1393 416 τοὺς

264 436 421 472 προσθίους
437 435 544 469 μείζους
562 433 618 461 ἔνια
634 434 736 462 τούτων
754 433 816 468 ἔχει,
840 434 922 466 ὅπως,
945 433 1036 467 ἐπειδὴ
1059 434 1103 461 διὰ
1120 435 1151 461 τὸ
1170 435 1391 471 σκληρόφθαλμα

264 484 331 513 εἶναι
359 485 406 512 οὐκ
435 485 549 522 ἀκριβῆ-ς
579 485 626 519 τὴν
655 484 720 522 ὅφιν
749 485 818 519 ἔχει,
851 486 884 513 τὸ
919 486 1130 521 προσπίπτοντα
1158 488 1212 517 τοῖς
1243 488 1393 523 προσθίοις

265 537 480 573 ἀποκαθαίρωσι
510 537 638 564 σκέλεσιν.
694 535 757 564 Hoc
787 537 860 565 vitio
891 532 1025 564 locustae
1059 535 1213 570 laborant,
1247 537 1283 565 cf.
1316 536 1392 566 Pliu.

266 587 300 615 H.
322 586 359 616 N.
377 587 396 616 l.
421 587 456 616 l.:
485 587 626 623 „locustis
649 586 766 624 squillis
790 595 897 623 magns
920 596 957 614 ex
981 590 1067 623 parte
1089 587 1144 615 sub
1168 588 1272 616 eodem
1295 589 1391 617 muni-

264 642 364 667 mento
386 638 517 677 praeduri
541 638 672 676 eminent
695 635 830 673 (oculi).“
879 634 1034 666 lucustam
1057 638 1151 673 codd.,
1177 639 1211 666 cf.
1237 637 1390 674 Schwabe,

265 691 341 719 Ann.
365 689 438 727 phil.
461 688 509 718 CV
530 699 559 726 p.
579 690 650 718 415.
675 702 716 708 -
742 685 849 724 „homo
872 686 1098 725 iynauisstmw.
1145 689 1263 718 Medico
1287 693 1391 728 putant

266 751 323 770 non
346 744 406 770 tam
430 741 581 777 ignaviam
606 750 696 778 quum
719 741 903 778 imperitiam
927 744 1067 778 oportere
1091 740 1275 778 exprobrari,
1300 751 1393 779 eoque

265 793 434 830 corrigunt:
469 792 676 829 ignarissume.
739 791 796 820 Sed
831 791 1003 820 observasse
1037 791 1217 826 debuerant,
1252 794 1393 829 ignavum

267 843 372 872 Plauto
396 843 506 882 passim
530 852 586 880 pro
610 842 727 871 homine
750 842 835 871 nihili
861 852 894 871 sc
917 842 1028 871 nullius
1046 852 1116 871 usus
1134 844 1219 881 poni3
1242 842 1306 872 Cas.
1321 844 1392 874 226.

268 896 337 924 513.
374 894 453 922 Peru.
479 894 548 922 846.
588 893 668 921 Trin.
697 894 765 922 166.
791 894 861 922 926.
892 894 967 922 Rud.
991 892 1082 922 818.“
1129 893 1271 930 Gronov„
1295 895 1331 924 cf.
1355 896 1392 924 ad

266 945 354 974 Most.
382 945 451 974 133.
487 959 528 964 —
563 945 623 974 909
648 955 692 982 sq.
717 945 805 974 affert
826 944 940 974 Nonius
963 955 992 982 p.
1017 945 1097 980 255,
1121 945 1200 974 unde
1223 947 1391 975 emendavit

266 996 311 1025 ed.
335 1007 381 1035 pr.
426 996 468 1026 Ut
490 996 518 1024 h.
542 996 561 1024 l.
585 993 737 1033 crepitare
759 996 845 1031 fame,
870 997 912 1024 ita
935 995 1000 1025 Cas.
1026 997 1102 1025 755:
1130 996 1222 1032 „mihi
1246 998 1391 1026 inanitate

266 1049 324 1076 iam
347 1047 459 1077 dudum
482 1048 625 1076 intestina
644 1046 858 1076 murmurant“.
879 1061 915 1066 —
931 1048 1002 1076 912.
1029 1044 1263 1076 Perdormisoin
1287 1049 1333 1078 ed.
1346 1059 1392 1087 pr.

265 1096 381 1135 facilen
411 1099 569 1138 Scioppius
599 1109 670 1131 em..
706 1099 739 1127 R.
768 1097 906 1134 „facilin“
938 1100 1063 1128 retinuit
1093 1099 1195 1128 eodem
1225 1109 1328 1136 seusu,
1363 1111 1391 1129 v.

268 1151 304 1179 ad
329 1151 401 1180 783.
458 1146 576 1179 cubans
605 1150 682 1179 idem
713 1149 884 1188 Scioppius,
918 1153 1013 1178 totum
1043 1160 1161 1179 versum
1184 1150 1298 1180 medico
1322 1161 1390 1180 con·

266 1202 394 1230 tinuaus.
447 1201 481 1230 R.
508 1201 677 1230 lacunosum
701 1201 795 1230 locum
825 1211 889 1229 esse
912 1202 1032 1239 putavit
1055 1205 1086 1230 et
1107 1202 1197 1230 talem
1220 1201 1276 1230 sibi
1300 1202 1390 1231 infor-

265 1253 358 1282 mavit
381 1253 496 1281 animo:

308 1304 528 1333 Perdormiscin
544 1306 577 1331 tu
596 1313 690 1340 usque
707 1303 744 1331 ad
765 1300 882 1331 lucem?
906 1304 1006 1332 facilia
1023 1306 1057 1332 tu
1070 1300 1247 1341 [odeormie
1260 1304 1390 1334 cubans?

309 1355 404 1384 MEN.
430 1355 648 1389 Perdormisco,
674 1353 711 1390 [si
734 1365 780 1383 me
803 1353 875 1383 flore
898 1355 970 1383 satis
993 1356 1131 1393 conpleui
1155 1355 1272 1384 Liberi:

308 1404 526 1442 Obdormisco]‚
550 1406 574 1434 si
598 1406 709 1435 resolui
734 1410 900 1444 argentum,
924 1408 996 1444 quoi
1019 1416 1074 1444 ego
1098 1406 1202 1436 debeo.

266 1459 338 1487 Post
370 1458 433 1486 haec
467 1460 564 1486 autem
599 1457 702 1496 plures
737 1457 842 1486 medici
877 1468 979 1487 versus
1009 1458 1193 1486 intercidisse
1222 1461 1318 1496 putat.
1350 1473 1390 1478 —

265 1506 396 1545 resolui,
425 1519 453 1538 v.
478 1509 514 1537 sd
538 1509 620 1537 Asin.
644 1509 714 1537 429.
760 1508 803 1537 Ne
832 1509 930 1537 hiatus
960 1510 989 1537 in
1019 1509 1134 1537 diaeresi
1166 1513 1259 1544 esset,
1289 1510 1390 1539 Muell.

269 1559 332 1596 „ei“
359 1560 500 1589 addebat.
526 1574 567 1579 —-
591 1560 662 1588 914.
689 1556 760 1596 Qui,
784 1560 820 1588 cf.
846 1561 917 1589 440.
943 1575 984 1579 —
1005 1557 1155 1597 perduint
1177 1561 1247 1590 Pius
1271 1571 1325 1589 em.
1352 1575 1392 1581 —-

267 1613 338 1641 915.
362 1609 400 1640 de
421 1607 488 1640 illis
509 1607 622 1646 uerbis,
647 1611 683 1639 cs.
703 1611 773 1640 264.
820 1611 889 1640 Hoeo
912 1621 977 1640 cum
995 1611 1163 1649 Spengelio,
1188 1612 1284 1640 Pluut.
1298 1622 1326 1649 p.
1344 1613 1391 1645 12,

267 1663 509 1692 antecedentibus
532 1661 663 1691 adiunxi.
708 1662 832 1691 Maioris
856 1664 998 1691 momenti
1022 1666 1075 1698 est,
1099 1664 1176 1701 quod
1201 1664 1232 1691 in
1254 1665 1392 1701 proximo

266 1724 353 1743 versu
377 1715 454 1743 idem
478 1713 511 1742 V.
536 1713 583 1749 D.,
615 1716 649 1742 ut
678 1714 742 1751 ipse
767 1717 855 1742 antea
878 1714 1019 1750 feceram,
1057 1714 1191 1743 codicum
1214 1716 1392 1753 scripturam

267 1764 387 1795 Nestor
409 1768 524 1794 tutatus
548 1767 606 1800 est,
637 1774 728 1802 quum
750 1766 919 1803 superiores
943 1769 993 1794 aut
1018 1764 1217 1800 „modestior-‘⁴
1243 1769 1294 1794 aut
1321 1766 1390 1800 „ho-

267 1816 399 1846 nestior“
436 1819 488 1845 aut
521 1816 657 1851 „nonen-‘⁴
691 1819 743 1844 aut
776 1816 916 1852 „meiior“
953 1817 1144 1854 seripserunt.
1201 1816 1308 1845 Nestor
1342 1817 1392 1846 ille

268 1868 442 1897 Homericus
470 1877 526 1905 pro
555 1868 774 1905 sapientissimo
797 1867 914 1896 homine
938 1869 1069 1905 ponitur.
1095 1882 1136 1888 ·—
1166 1869 1237 1896 917.
1262 1865 1390 1903 dudum,

267 1930 294 1948 v.
321 1920 391 1947 824.
425 1934 461 1938 —
492 1919 564 1948 918.
594 1914 727 1947 Insani-9
754 1918 800 1947 ed.
825 1928 886 1956 pr.;
916 1929 982 1947 nam
1009 1918 1181 1954 „Insauu’s“
1209 1919 1305 1947 minus
1329 1921 1391 1947 veri

268 1971 364 2001 simile
388 1974 448 2006 est;
472 1970 508 2000 R..
524 1968 717 2006 „Insanisti“.
740 1984 781 1989 —
806 1967 853 1999 Tu
877 1968 944 1999 istic
968 1970 1033 1999 cod.
1058 1970 1090 2006 C,
1114 1981 1141 2000 v.
1163 1971 1232 2000 639.
1259 1985 1298 1990 —
1323 1970 1394 1999 Post

269 2023 346 2051 huno
374 2032 489 2051 versum
520 2024 678 2051 structurae
707 2021 806 2050 hiatus
834 2021 977 2050 excidisse
1009 2031 1126 2050 versum
1148 2022 1278 2050 ostendit
1302 2022 1391 2050 talem

269 2074 343 2102 sere:
384 2073 472 2109 „Meo
495 2074 627 2111 scipione
650 2076 680 2101 te
703 2072 867 2101 fracturum
891 2082 955 2101 esse
979 2072 1060 2101 aibas
1083 2083 1149 2102 ossa
1171 2077 1260 2110 atque
1285 2071 1388 2101 artu&

270 2121 372 2162 (841).
431 2124 493 2153 Hoc
517 2123 709 2152 Bitschelium
740 2132 796 2152 non
826 2124 934 2153 vidisse
966 2125 1071 2161 miror,
1107 2125 1158 2162 qui
1187 2127 1257 2162 post
1280 2135 1307 2153 v.
1331 2124 1392 2153 920
