1596 2478
309 165 369 195 “226
825 162 915 189 Plauti
1202 161 1235 193 V,
1253 162 1277 194 6,
1298 162 1388 193 12—·7⁷
1408 164 1425 188 4

306 257 344 289 Id
363 268 421 297 ego
441 257 525 288 male
545 256 663 288 malum
686 259 812 296 metu0;
834 260 1008 297 propterea
1027 256 1148 288 honum
1173 267 1245 288 esse
1264 259 1424 288 certumst

1020 311 1129 351 potius
1153 321 1250 352 quam
1274 310 1404 342 malum.

305 363 387 396 Nam
413 364 515 404 magis
539 364 641 396 multo
666 366 774 405 patior
798 364 925 396 facilius
950 365 1066 402 uerba3
1097 364 1236 396 uerbera
1265 375 1324 404 ego
1354 364 1423 402 odi;

305 417 477 459 Nimioque
502 418 562 450 edo
587 418 752 450 lubentius
775 418 921 450 molitum
947 429 1043 459 quam
1069 418 1214 449 molitum
1236 417 1423 459 praehibeo.

305 471 485 513 Propterea
501 473 547 504 eri
565 472 725 513 inperium
745 483 904 513 exsequor
921 472 1002 504 bene
1022 478 1054 504 et
1072 472 1185 504 sedate
1203 483 1300 504 seruo
1313 472 1355 511 id,
1373 481 1421 506 961

508 526 614 567 Atque
639 525 716 557 mihi
740 526 773 558 id
796 526 938 567 prodest.

304 578 367 610 Alii
391 579 453 618 ita,
484 583 519 611 ut
550 580 582 611 in
613 590 681 611 rem
706 590 777 613 esse
801 579 935 615 ducunt,
959 581 1038 619 sint3
1072 590 1132 620 ego
1156 580 1203 612 ita
1226 590 1290 619 ero,
1313 584 1350 612 ut
1373 591 1424 613 me

1019 644 1091 665 esse
1115 637 1257 675 oportet,

304 686 341 718 Id
364 686 441 719 mihi
464 688 494 718 si
522 687 705 725 adhibeam,
735 687 863 728 culpam
893 687 1090 726 abstineam,
1120 698 1176 720 ero
1207 692 1242 719 ut
1271 687 1423 720 omnibus

1018 743 1048 773 in
1074 742 1152 774 locis
1175 742 1234 773 sim
1259 746 1400 783 praesto,

303 794 445 826 Metuam
475 795 560 827 haud
592 794 744 835 multum3
778 806 879 836 prope
909 799 973 834 est,
1002 796 1132 837 quando
1161 806 1236 827 erus
1265 795 1306 827 ob
1335 795 1423 828 facta

1017 850 1157 891 pretium
1182 849 1337 881 exsoluet.
1372 858 1424 884 965

303 901 366 943 [Eo
391 903 539 944 exemplo
563 904 680 939 seruio,
705 907 797 943 tergo
821 907 857 935 ut
881 904 912 935 in
937 914 1003 935 rem
1029 914 1099 935 esse
1123 903 1288 944 arbitror-J

303 956 480 998 Postquam
499 958 531 988 in
550 957 721 989 tabernam
739 967 821 989 uasa
841 961 873 989 et
891 967 1004 989 seruos
1024 957 1202 994 conlocaui,
1224 962 1260 989 ut
1272 958 1422 995 iusserat,

303 1010 353 1042 Ita
372 1011 469 1042 uenio
489 1010 674 1043 aduersum.
703 1012 802 1043 'Nunc
823 1012 902 1043 foris
922 1011 1067 1053 pultabo,
1081 1012 1198 1043 adesse
1217 1016 1254 1043 ut
1266 1022 1315 1043 me
1329 1013 1421 1049 sciat,

302 1063 476 1108 Meumque
496 1076 586 1096 erum
606 1076 643 1097 ex
662 1066 722 1097 hoc
741 1065 825 1097 saltu
845 1065 953 1097 damni
974 1065 1099 1097 saluom
1119 1070 1155 1097 ut
1174 1065 1308 1097 educam
1324 1066 1420 1098 foras.

302 1118 365 1150 Sed
390 1122 509 1157 metuo,
533 1130 571 1151 ne
598 1130 670 1152 sero
695 1120 825 1151 ueniam
850 1120 1037 1161 depugnato
1061 1120 1198 1160 proelio.
1371 1129 1424 1154 970

407 1288 554 1321 SENEX.
615 1289 911 1323 MENAECHMUS
935 1289 988 1331 (Ι)
1026 1289 1311 1323 ADULESCENS.

530 1344 715 1376 LORARII.
774 1344 987 1376 MESSENIO
1022 1343 1193 1376 SERUOS.

793 1440 921 1473 Senex

299 1493 360 1525 Per
383 1504 444 1534 ego
467 1494 561 1526 uobis
585 1495 664 1526 deos
688 1499 787 1536 atque
811 1495 958 1527 homines
976 1495 1058 1533 dico,
1082 1499 1118 1527 ut
1134 1495 1295 1536 inperium
1313 1506 1418 1527 meum

299 1547 474 1589 Sapienter
497 1548 649 1581 habeatis
673 1559 780 1589 curae,
804 1560 888 1590 quae
911 1550 1059 1590 inperaui
1083 1553 1181 1590 atque
1205 1549 1333 1590 inpero:

296 1601 411 1634 Facite
435 1602 503 1634 illic
526 1603 622 1635 homo
645 1604 709 1635 iam
734 1604 767 1635 in
792 1603 985 1636 medicinam
1011 1603 1143 1635 ablatus
1168 1603 1328 1634 sublimen
1347 1604 1419 1643 siet,

295 1655 366 1688 Nisi
390 1657 520 1697 quidem
545 1667 604 1689 uos
628 1661 741 1689 uostra
765 1667 862 1689 crura
885 1661 942 1689 aut
960 1657 1068 1689 latera
1085 1657 1178 1689 nihili
1197 1657 1348 1698 penditis.
1367 1665 1418 1692 974

365 1760 415 1785 058
435 1760 464 1785 ld
485 1768 552 1793 ergo
573 1759 595 1786 G
671 1760 720 1785 959
740 1759 822 1792 egodi
842 1758 869 1785 Β
947 1760 997 1785 960
1015 1767 1096 1792 quam
1116 1758 1254 1784 mollitum
1275 1757 1298 1785 G
1367 1760 1414 1785 961

296 1809 412 1828 exsecet·
430 1801 456 1828 B
530 1803 581 1829 962
598 1802 722 1835 itmyitur
741 1809 800 1828 cum
818 1801 991 1828 antecedenti.
1063 1801 1091 1826 id
1111 1801 1179 1826 mihi
1199 1800 1221 1827 Ο
1287 1802 1337 1827 963
1357 1801 1417 1827 eliis

296 1852 355 1869 esse
375 1845 413 1870 ita
476 1845 518 1871 sin
539 1844 562 1872 C
620 1845 658 1870 ita
678 1852 728 1871 om.
748 1843 771 1871 C
830 1845 878 1870 964
898 1844 1002 1870 Metum
1023 1843 1051 1869 id
1104 1844 1126 1869 si
1146 1851 1195 1870 om.
1251 1843 1417 1877 Sequuntur:

297 1885 375 1913 Serui
395 1888 440 1920 qui
461 1888 545 1920 culpa
568 1889 666 1914 carent
688 1889 815 1913 metuunt
840 1886 1002 1920 (culparent
1019 1890 1113 1912 metuo
1133 1886 1160 1912 ni
1180 1885 1219 1918 Β)
1243 1886 1334 1913 solent
1357 1895 1417 1913 esse

1112 1929 1166 1955 eris
1186 1928 1297 1955 utibiles

297 1971 366 1998 Nam
382 1972 419 1999 illi
439 1973 486 2006 qui
500 1972 569 1998 nihil
584 1976 711 1999 metuunt
728 1974 873 2005 postquam
884 1972 986 1998 malum
997 1971 1179 2005 promeritum
1191 1980 1244 2004 que
1255 1972 1279 1997 ei
1289 1977 1417 1998 metuunt

295 2016 344 2041 965
364 2015 469 2041 Metum
489 2020 536 2041 aut
591 2024 620 2042 es
640 2015 666 2041 Β
720 2014 831 2048 quando
850 2023 948 2040 cernuo
967 2014 1062 2040 fatiam
1116 2015 1166 2040 966
1184 2013 1246 2047 Ego
1299 2018 1379 2047 terge
1397 2013 1420 2041 C

295 2058 344 2084 967
365 2066 430 2084 unna
450 2058 497 2083 sed
517 2057 552 2090 B,
573 2066 621 2084 uas
640 2057 689 2084 sed
709 2057 731 2084 0
804 2058 854 2084 968
873 2057 946 2084 fores
1017 2057 1131 2083 misceat
1149 2055 1176 2082 B
1249 2057 1300 2082 969
1319 2055 1415 2090 Neque

295 2105 387 2126 utrum
434 2105 480 2126 uto
497 2100 552 2127 duo
569 2100 665 2126 anfora
718 2101 767 2126 972
786 2108 887 2133 curaeq.
898 2100 919 2126 G
961 2100 1012 2125 973
1026 2099 1170 2125 sublimem
1183 2098 1204 2125 C
1245 2099 1296 2125 974
1310 2099 1378 2125 nihil
1389 2098 1416 2125 Β
