1596 2478
303 172 364 201 208
827 169 918 196 Plauti
1134 168 1180 200 IV,
1199 169 1223 201 5,
1241 167 1341 200 w-V,
1363 170 1384 201 1,
1403 169 1419 194 9

303 264 373 295 Nisi
397 263 481 295 feres
505 267 683 304 argentum,
708 263 830 295 frustra
851 273 900 302 e33
925 274 974 294 me
997 263 1134 296 ductare
1158 274 1221 295 non
1245 266 1354 304 potes3

303 317 408 349 Aliam
434 317 571 358 posthac
594 317 750 354 inuenito,
774 328 872 358 quam
895 317 1019 350 habeas
1042 317 1223 350 frustratui.

723 394 1002 426 Menaechmus

304 447 408 478 Nimis
432 447 587 479 iracunde
612 447 720 480 hercle
744 448 884 480 tandem.
931 448 1020 480 Heus
1043 452 1088 486 tu,
1114 447 1173 479 tibi
1198 448 1281 485 dico,
1307 457 1409 479 mane.

307 501 395 532 Redi.
431 501 580 533 Etiamne
599 502 736 534 adstas?
759 503 858 534 etiam
876 502 978 534 audes
998 513 1069 533 mea
1089 503 1210 533 reuorti
1224 501 1354 542 gratia?
1371 509 1422 537 685

306 555 394 586 Abiit
415 555 510 592 intro,
533 556 671 588 occlusit
694 556 796 588 aedis,
842 557 934 588 Nunc
957 567 1016 597 ego
1041 567 1111 587 sum
1136 556 1406 594 exclusissumus3

305 609 418 650 Neque
436 609 522 640 domi
541 620 645 650 neque
659 610 744 650 apud
758 611 893 642 amicam
909 610 985 641 mihi
999 611 1062 642 iam
1076 609 1254 650 quidquam
1268 609 1421 641 creditur.

306 663 363 694 Ibo
382 667 414 695 ct
432 663 599 695 consulam
620 664 704 696 hanc
721 675 789 696 rem
809 665 940 703 amicos,
958 664 1037 705 quid
1054 664 1243 696 faciundum
1256 667 1420 696 censeant.

529 1055 822 1087 MENAECHMUS
848 1054 928 1095 (II).
986 1055 1202 1088 MATRONA.

727 1149 1008 1182 Menaechmus

309 1205 410 1236 Nimis
433 1204 531 1236 stulte
555 1204 675 1235 dudum
701 1204 770 1241 seci,
795 1215 892 1245 quom
918 1205 1139 1245 marsuppium

307 1259 501 1290 Messenioni
526 1269 597 1290 cum
622 1262 758 1297 argento
783 1258 978 1290 concredidi.
1375 1267 1427 1293 (390

310 1313 459 1344 lnmcrsit
482 1313 592 1354 aliquo
617 1323 696 1347 sese,
721 1312 829 1351 credo,
853 1313 885 1344 iu
909 1323 1057 1352 ganeum.

771 1389 960 1421 Matrona

311 1444 486 1481 prouisam,
511 1454 607 1485 quam
632 1454 705 1475 mox
729 1445 778 1475 uir
801 1454 893 1475 meus
916 1443 1032 1475 redeat
1055 1443 1195 1474 domum.

311 1498 371 1529 Sed
398 1509 506 1529 eccum
532 1498 636 1529 uideo.
683 1498 783 1529 Salua
806 1508 892 1537 sum·⁷
917 1497 1035 1538 pallam
1059 1497 1169 1528 refert.

730 1574 1011 1606 Menaechmus

312 1629 468 1667 Demiror,
492 1628 548 1660 ubi
572 1639 658 1661 nunc
680 1628 826 1661 ambulet
849 1628 1020 1661 Messenio.

775 1705 959 1738 Matrona

312 1760 417 1791 Adibo
441 1764 540 1801 atque
563 1759 725 1791 hominem
749 1760 917 1800 accipiam,
940 1759 1058 1800 quibus
1082 1760 1180 1791 dictis
1205 1763 1315 1791 moret.
1377 1768 1428 1793 (395

311 1814 383 1845 Non
407 1818 439 1845 te
463 1814 563 1854 pudet
587 1814 716 1854 prodire
740 1814 771 1844 in
796 1817 1004 1855 conspectum
1029 1824 1144 1852 meum,

314 1868 486 1908 Flagitium
511 1868 658 1905 hominis,
682 1877 755 1899 cum
778 1868 862 1900 istoc
884 1869 1022 1899 ornatu?

378 1988 429 2013 682
448 1986 549 2013 frustra
569 1996 611 2012 mc
698 1989 792 2020 potest
809 1986 836 2012 Β
926 1987 976 2012 683
994 1995 1076 2020 quam
1097 1989 1125 2012 tu
1145 1986 1247 2012 habeas
1267 1986 1290 2012 0
1378 1986 1428 2011 685

314 2034 386 2055 matos
405 2030 431 2055 R
518 2030 601 2055 ctiam
621 2038 669 2055 om.
690 2029 713 2055 0
803 2030 853 2055 656
872 2029 934 2054 Abii
954 2029 986 2059 Β,
1006 2029 1059 2054 Abi
1080 2028 1103 2055 0
1191 2028 1371 2055 ociusitaodin
1391 2028 1429 2057 B,

313 2075 393 2098 octus
413 2073 512 2097 irus-dis
525 2072 546 2098 0
595 2073 646 2098 688
664 2075 778 2098 censeat
793 2072 814 2097 G
865 2071 1041 2097 MATRONA
1062 2070 1242 2097 MENECHM
1263 2070 1384 2097 ALTER
1403 2070 1430 2096 B

313 2118 362 2141 692
383 2125 428 2140 ιιι-ι’
449 2116 470 2139 (ἶ
519 2116 569 2140 (393
588 2118 616 2140 vt
635 2124 695 2140 cum
717 2115 739 2141 C
805 2116 852 2139 6921
874 2114 998 2140 ambulat
1018 2114 1040 2140 0
1105 2115 1155 2139 695
1175 2118 1250 2139 new-t
