1596 2478
599 174 631 201 V.
650 175 791 200 see—481.
1205 176 1264 206 195

137 283 258 303 summa.
284 282 310 301 v.
335 271 476 309 Geppert.
502 271 587 300 Stud.
613 271 625 298 I
649 281 676 308 p.
704 271 752 299 48.
800 268 890 306 dotis,
915 281 942 299 v.
963 271 998 299 ad
1019 271 1108 299 Mero.
1131 272 1202 300 695.
1223 285 1263 290 —

139 325 208 352 397.
235 321 309 352 Non
333 320 424 357 enim,
449 332 475 350 v.
491 322 527 350 ad
542 321 617 350 Rud.
634 323 704 350 910.
741 321 798 350 Sed
818 322 898 350 locus
911 324 1076 359 corruptus.
1111 322 1264 350 Acidalius

140 375 222 410 „Nou
255 385 338 403 mane
366 372 430 402 hic“
463 373 602 407 coniecit;
637 382 707 408 ego:
747 373 832 407 „Non
864 375 942 401 enim
973 372 1048 401 duco
1073 369 1125 408 (sc.
1150 376 1180 400 te
1204 370 1262 408 eo),

137 425 217 460 ubi“‚
253 430 318 454 aut:
357 425 439 459 „Non
470 425 562 458 enim,
598 427 631 451 ut
659 424 715 458 hic,
751 422 828 458 ibi“;
864 423 915 452 sed
946 427 1009 452 tum
1039 426 1264 460 exspectaretur

140 478 312 515 „quaeres⁴'.
337 491 377 496 -
400 483 438 503 ew
463 472 560 503 Tusco
583 472 681 509 modo,
706 485 742 502 ex
758 484 840 503 more
858 475 1030 503 Tuscorum.
1067 474 1110 502 De
1130 474 1264 504 Etruscis

137 528 190 556 hoc
220 528 290 556 alibi
322 536 378 555 non
402 527 542 563 legimus,
579 526 614 554 de
638 526 730 562 Lydis
760 528 874 560 autem,
910 525 988 554 uude
1012 526 1153 554 Etruscos
1183 529 1264 554 ortos

137 579 306 614 credebant,
333 577 473 606 Herodot.
493 578 515 611 I,
541 578 594 605 93:
630 578 677 604 τοῖν
699 578 794 605 Λυδῶν
817 578 902 613 δήμου
926 577 954 604 αῖ
979 578 1127 614 θυγατέρες
1150 578 1263 614 πορνεύ-

136 642 209 658 ονται
233 631 318 657 πᾶσαι
351 630 530 666 συλλέγονσαῖ
559 639 637 663 σφισι
667 629 772 664 φερνάς.
824 628 866 656 Cf.
898 638 963 665 qua?
988 628 1198 666 Theopompus
1228 628 1264 656 de

136 682 329 710 Etruscorum
353 681 539 718 impudicitia
563 684 592 707 et
616 680 732 708 luxuria
751 683 854 707 nni-rut
872 690 918 717 ap.
935 680 1040 708 Athen.
1055 679 1112 707 XII
1125 689 1153 717 p.
1170 680 1229 708 517
1245 680 1264 708 d

136 743 199 770 sqq.
248 732 351 760 Horat.
377 732 431 761 od.
462 731 520 767 111,
554 732 606 765 10,
640 731 691 759 ll:
732 730 814 765 „Nou
849 734 878 758 te
910 730 1078 768 Penelopen
1114 730 1262 759 difficilem

135 785 234 821 procis
253 783 424 820 Tyrrhenus
444 783 547 818 genuit
565 780 700 819 pareus.“
722 797 763 808 —r
785 782 855 810 400.
880 781 915 809 ut
937 779 982 809 sit
1004 779 1041 809 de
1064 789 1099 810 ea
1122 790 1164 817 re,
1189 792 1262 819 quo-

137 835 222 864 modo
251 835 313 863 haec
342 845 388 863 res
417 844 447 863 se
478 834 602 868 habent,
637 834 672 862 of.
700 834 748 861 82.
805 833 883 860 Ante
918 829 1044 869 eloquar
1078 832 1191 868 hiatus,
1227 834 1262 861 cf.

136 886 253 923 Proleg.
278 897 305 924 p.
335 887 403 914 183.
427 901 468 904 —
499 886 569 913 401.
601 882 700 920 illam,
726 885 927 921 Gymnasium.
954 898 990 903 —
1016 881 1159 918 suadela,
1196 894 1263 921 per-

135 937 297 966 suadendo.
318 952 358 956 —
377 938 448 965 403.
473 934 603 972 deserat,
628 936 662 964 cf.
684 936 722 964 ad
740 935 816 964 Rud.
840 936 908 963 130.
932 935 1010 963 infra
1034 936 1104 963 470.
1125 951 1165 954 —
1189 936 1260 965 408.

135 986 181 1018 Ab
201 996 249 1017 me
268 986 417 1024 perditi-5,
447 989 531 1025 qussi
557 985 712 1022 „servate“
739 987 916 1015 indicativus
941 989 1028 1021 esset,
1053 996 1110 1014 non
1134 988 1262 1024 impera-

135 1042 224 1068 tivus.
259 1055 299 1059 —
334 1040 406 1068 409.
439 1036 521 1076 Quoi
543 1038 622 1066 Cam.
659 1053 699 1057 —
734 1038 805 1066 411.
837 1035 950 1074 oppido
979 1038 1047 1066 add.
1072 1039 1163 1075 antiq.
1194 1039 1261 1067 edd.

135 1106 175 1110 -—
195 1092 266 1120 414.
293 1088 425 1127 Obsipat
446 1087 596 1127 aquolam,
622 1090 775 1128 adspergit
798 1099 914 1127 aquam.
957 1088 1037 1117 Fest.
1060 1089 1114 1126 Ep.
1134 1101 1162 1127 p.
1184 1091 1261 1118 311:

139 1142 259 1180 „Supat,
283 1143 361 1178 iacit,
386 1142 463 1170 unde
483 1141 610 1179 dissipat
634 1141 741 1175 disicit,
766 1143 796 1168 et
818 1140 938 1178 obsipat
960 1140 1060 1175 obicit,
1086 1144 1115 1168 et
1141 1141 1261 1178 insipat,

135 1194 191 1222 hoc
220 1197 264 1222 est
294 1195 408 1222 inicit“.
444 1208 485 1212 —
520 1194 591 1222 416.
628 1189 731 1227 Perii,
766 1190 798 1220 si
822 1185 934 1220 Ritschj
957 1191 1039 1220 Neue
1063 1192 1106 1220 Pl.
1131 1192 1263 1220 Excurse

134 1255 164 1283 p.
185 1246 234 1273 88.
284 1245 355 1280 „ue“
385 1255 420 1273 ex
444 1245 529 1274 initio
552 1245 682 1282 proximi
706 1243 842 1272 vocabuli
866 1247 962 1271 ortum
988 1244 1114 1272 videtur.
1139 1257 1181 1262 —
1207 1240 1264 1272 hoc

135 1293 238 1333 lonye,
273 1296 439 1331 tantillum,
475 1306 500 1323 v.
530 1295 566 1323 ad
591 1295 681 1323 Most.
708 1296 778 1323 385.
835 1292 943 1323 destiti
967 1295 1036 1323 olim
1062 1295 1261 1323 emendatum.

135 1347 301 1385 Numquam
325 1357 355 1375 se
380 1347 502 1375 desiisse
526 1348 576 1381 ait,
601 1356 660 1383 quo
684 1347 780 1374 miuus
800 1347 932 1374 instaret.
947 1361 986 1365 —-
1007 1347 1077 1374 416.
1103 1344 1131 1374 si
1153 1343 1260 1381 hercle,

135 1399 170 1428 cf.
195 1399 232 1427 ad
261 1399 352 1427 Stich.
378 1400 449 1427 612.
479 1413 519 1417 —
549 1399 619 1426 418.
654 1396 844 1433 monstrare,
880 1398 915 1426 cf.
947 1397 982 1425 ad
1013 1397 1092 1426 Asin.
1120 1398 1190 1426 597.
1221 1412 1260 1416 —

135 1446 180 1478 At
202 1450 234 1479 B.
264 1465 306 1469 -
336 1451 407 1478 420.
438 1446 535 1478 Suam
559 1446 800 1485 benecoolmn‘em,
829 1459 856 1477 v.
881 1449 917 1476 ad
942 1449 1023 1477 Triu.
1049 1450 1098 1477 46.
1126 1464 1162 1468 -
1193 1457 1262 1477 con-

134 1499 251 1537 uenire,
276 1504 497 1535 conventuram,
521 1501 556 1528 cf.
572 1501 608 1528 ad
622 1501 703 1528 Asin.
718 1502 788 1529 439.
819 1515 856 1519 —
879 1501 951 1528 422.
976 1496 1131 1529 indicabit
1147 1500 1261 1528 Camer.

134 1568 176 1572 —
199 1552 271 1582 Post
294 1553 371 1581 huuc
394 1563 512 1581 versum
536 1562 638 1580 versus
663 1552 769 1580 excidit
796 1552 890 1579 velut:
930 1551 1012 1586 „Quo
1036 1554 1151 1586 seruet,
1183 1561 1262 1579 meas

135 1614 182 1632 res
205 1604 322 1642 perdet.
368 1604 471 1632 Timeo
501 1614 577 1632 nunc
605 1602 695 1631 iam“.
746 1603 919 1641 Superiores
948 1603 1115 1639 proximum
1145 1612 1261 1631 versum

135 1658 294 1690 mutarunt,
321 1655 403 1684 velut
416 1655 634 1683 Camerrarius:
663 1655 726 1689 „Ad
740 1664 820 1682 meas
834 1655 967 1682 miserias
980 1653 1080 1682 addet.
1118 1653 1179 1682 PH.
1203 1653 1263 1682 Fac

134 1717 180 1735 me
211 1708 368 1742 consciam,
398 1704 507 1741 Quid“,
536 1716 640 1743 parum
673 1706 808 1734 feliciter.
845 1721 885 1725 —
920 1706 990 1734 427.
1025 1703 1060 1734 in
1083 1703 1263 1743 quaestione

134 1758 232 1791 Cam.,
264 1769 290 1787 v.
316 1758 352 1786 ad
377 1757 461 1794 Cupt.
488 1758 557 1785 252.
590 1771 630 1776 —
661 1758 732 1785 428.
765 1756 872 1785 Versus
897 1767 984 1785 causa
1007 1764 1062 1793 egso
1086 1760 1138 1785 aut
1161 1756 1263 1784 delen-

134 1809 203 1838 dum
227 1812 272 1838 est
296 1812 347 1837 aut
371 1808 633 1847 transponendum,
659 1808 743 1837 velut
769 1809 834 1842 „Ad
855 1818 942 1836 anum
967 1817 1020 1845 ego
1045 1805 1197 1836 recurro“.
1221 1823 1263 1826 —

135 1861 206 1889 429.
231 1868 314 1895 οιινα,
340 1860 376 1888 cf.
403 1860 467 1888 Mil.
493 1860 563 1888 203.
589 1875 630 1878 —
654 1856 829 1897 perseetzmz
854 1856 946 1893 dabo,
977 1860 1012 1888 cf.
1037 1859 1074 1887 ad
1100 1859 1163 1887 Mil.
1191 1859 1261 1887 210.

135 1927 175 1931 —
209 1913 280 1940 430.
318 1909 403 1940 Deos
429 1909 513 1948 teque
541 1918 648 1947 spero,
685 1911 720 1939 cf.
746 1911 781 1939 ad
807 1910 870 1939 Cas.
899 1911 968 1938 325.
1004 1925 1045 1930 —
1079 1906 1170 1939 abeas
1194 1910 1260 1938 edd.

135 1962 192 1991 Sed
219 1962 300 1998 ‚‚uti“
328 1972 450 2000 pravum
475 1966 534 1998 est;
561 1961 593 1990 ΐιι
616 1963 730 1999 scripsi.
778 1962 857 1990 Brix.
878 1962 983 1990 Annal.
1005 1961 1076 1999 phil.
1097 1961 1133 1990 CI
1151 1971 1180 1998 p.
1202 1961 1261 1988 764

135 2014 230 2042 minus
253 2013 465 2051 probabiliter:
494 2013 642 2049 „Eosdem
666 2023 718 2042 oro
742 2022 796 2050 ego
820 2017 883 2041 ut··.

220 2065 292 2094 431.
329 2065 473 2103 Regressa
502 2067 531 2093 iu
559 2065 638 2093 aedes
662 2065 863 2093 Phanostrata
888 2064 1036 2096 Melaenis,
1070 2073 1135 2101 quae
1164 2064 1262 2091 omnia

136 2116 263 2152 audivit,
304 2117 406 2154 prodit
440 2119 470 2145 et
503 2116 736 2153 Lampadionem
777 2115 950 2152 alloquitur.
1022 2112 1262 2143 Adulescentem

1007 2169 1057 2197 13*
