1596 2478
282 177 340 207 180
759 174 920 201 Cistellaria.

277 282 322 300 me
346 270 506 300 Hercules“
533 272 574 299 nit
600 272 750 307 „narrabit
779 272 858 310 quod
887 273 952 309 quis
977 271 1105 300 voluerit
1128 269 1216 300 eet.“.
1240 286 1282 291 --
1304 267 1394 306 anser

277 325 397 361 scripsi,
427 324 462 351 cf.
489 322 525 350 ad
549 322 615 351 Aul.
641 323 711 351 630.
767 322 941 361 Superiores
971 325 1142 360 corruptum
1174 322 1269 351 locum
1301 323 1394 358 magis

277 376 365 403 etiam
396 377 590 412 corruperant
619 373 790 402 scribendo:
829 374 904 409 „Sed
934 373 1004 411 quid
1029 371 1092 402 tu“.
1125 388 1162 393 —
1196 375 1243 403 51.
1279 372 1394 412 oculus,

277 427 474 455 nominativus
488 435 542 462 pro
559 426 702 459 vocativo,
728 435 753 454 v.
769 425 805 453 ad
820 426 900 454 Asin.
916 426 985 454 648.
1021 424 1100 453 Pers.
1117 425 1186 453 764.
1221 424 1307 454 Truc.
1323 427 1393 455 935.

278 477 365 506 Most.
394 477 482 505 1116.
511 492 545 495 —
578 477 625 504 52.
658 475 684 504 fe
707 473 855 512 abhorret,
881 488 897 505 n
921 481 949 504 te
973 479 1084 505 remota
1109 479 1161 511 est,
1186 477 1294 505 omissa
1318 487 1392 514 pra*-

277 529 434 567 positione,
459 528 493 556 cf.
519 528 586 556 Tac.
608 529 682 556 Ann.
704 528 723 563 Ι,
751 530 803 557 54:
842 528 1034 563 „abhorrebat
1061 527 1168 555 talibus
1192 528 1328 557 stndiis“.
1354 543 1393 548 —

279 581 327 608 53.
352 577 476 614 munda,
502 580 589 613 culta,
613 580 648 607 cf.
672 580 739 608 111.
776 579 880 607 Pseud.
898 580 966 607 172.
984 594 1024 599 —-
1044 576 1112 607 Hoc:
1135 576 1183 607 sis
1207 577 1287 615 mide,
1311 589 1337 607 v.
1357 580 1393 608 ad

277 631 345 660 Aul.
376 632 424 659 46.
488 630 557 658 Haec
592 640 646 667 per
673 631 864 668 parenthesin
894 632 979 659 matri
1009 631 1095 666 ‹lieit;
1134 640 1296 659 sermonem
1328 641 1392 659 cuin

277 683 393 711 Selenio
422 683 558 720 proximo
588 691 673 710 versu
700 684 748 717 „et
770 682 880 719 pallida
905 681 952 709 ω’*
979 683 1097 719 repetit..
1121 696 1161 700 —-
1186 683 1234 710 54.
1259 680 1393 718 suspiri-

279 732 352 768 tum,
377 744 402 761 v.
423 733 458 761 ad
478 733 682 761 T1·ucul.593.
704 748 743 751 —
769 735 816 761 55.
840 731 919 761 «nelis
942 733 1008 761 edd.
1033 733 1116 768 Quod
1140 734 1203 761 sine
1226 733 1394 761 discrimine

278 785 480 814 coniunctivus
498 786 628 822 ponitur,
653 795 679 812 v.
694 784 731 812 nd
750 784 855 822 Amph.
874 786 919 813 17.
955 785 1036 813 Pers.
1063 785 1132 813 513.
1164 799 1201 804 —
1234 787 1281 813 56.
1313 792 1394 813 (acer-

277 834 371 865 citum
400 834 553 872 imperare
581 846 637 864 non
662 837 783 874 propria
806 839 836 863 et.
864 836 949 864 solita
974 836 1190 873 significatione
1214 836 1331 870 dicitur,
1363 840 1395 864 ut

277 888 360 926 Capt.
379 889 447 923 155,
465 887 516 916 sed
535 887 594 915 ulio
613 890 778 924 torquetur,
797 891 830 916 ut
842 889 918 915 enim
937 898 1072 916 exercere
1088 888 1211 916 vexandi
1226 889 1282 916 vim
1297 888 1394 922 habet,

278 941 320 968 ita
343 939 489 967 exercitus
513 948 567 976 pro
592 939 747 967 vexatione
771 940 816 967 vel
842 939 1018 975 aegritudine
1043 939 1133 967 animi
1156 939 1286 976 ponitur.

365 992 400 1019 57
431 1000 494 1028 sqq.
524 990 664 1018 trochaici
694 991 864 1028 septenarii.
931 992 978 1019 57.
1016 989 1132 1025 „Mea“,
1168 990 1244 1027 quod
1279 989 1394 1018 librarii

277 1052 362 1072 error
385 1042 607 1079 anticipaverat,
639 1041 689 1069 sed
715 1043 820 1070 iterum
845 1052 896 1070 suo
921 1052 973 1070 suo
999 1042 1060 1069 loco
1084 1042 1195 1079 posuit,
1227 1042 1335 1077 delevi,
1367 1044 1396 1069 et

276 1090 356 1122 male
379 1093 498 1128 addidi;
523 1093 572 1121 alii
596 1093 692 1122 aliter.
719 1108 754 1112 —
782 1094 830 1121 58.
854 1089 890 1121 ab
914 1093 1085 1130 praepositio
1108 1103 1165 1121 non
1188 1093 1284 1120 miuus
1307 1103 1394 1130 quam

277 1145 401 1182 simplex
436 1144 583 1173 ablativus
618 1145 775 1182 dupliciter
802 1145 923 1182 ponitur
952 1148 980 1172 et
1009 1145 1043 1173 de
1072 1148 1158 1182 psrte
1192 1154 1284 1182 segra,
1318 1143 1396 1172 unde

278 1197 363 1225 dolor
387 1195 592 1233 proficiscitur,
622 1199 651 1224 et
674 1196 709 1224 de
733 1206 819 1224 causa
843 1196 963 1229 doloris,
995 1206 1020 1225 v.
1045 1196 1144 1224 Madv.
1169 1195 1218 1224 Gr.
1244 1196 1310 1224 Lat.
1335 1196 1394 1224 253

278 1250 339 1276 not.
364 1249 424 1276 256
449 1250 508 1276 not.
537 1249 562 1275 1.
608 1247 670 1275 Mil.
696 1248 769 1284 glor.
796 1248 864 1276 633.
896 1262 938 1266 —
973 1249 1021 1275 59.
1056 1245 1126 1284 rapi
1155 1247 1326 1276 Gulielmus.
1357 1262 1395 1266 —

279 1300 328 1327 60.
353 1295 498 1327 Indidem
523 1309 578 1336 pro
604 1299 719 1333 ibidem,
745 1309 796 1337 por
821 1299 1037 1328 attractionem.
1061 1309 1087 1326 v.
1113 1299 1148 1327 nd
1173 1299 1278 1336 Amph.
1308 1299 1395 1327 1002.

279 1365 319 1369 —
344 1351 393 1379 63.
417 1346 596 1385 cordolium,
621 1350 717 1379 cordis
742 1350 833 1384 dolor,
857 1350 891 1378 cf.
918 1350 1003 1378 Poen.
1025 1352 1095 1378 295.
1142 1350 1219 1378 Male
1244 1350 1395 1388 archetypi

280 1402 418 1430 librarius
442 1402 562 1429 eandem
587 1412 686 1430 vocem
712 1412 778 1430 mox
802 1403 912 1438 posuit,
937 1401 986 1430 ubi
1012 1402 1136 1440 simplex
1159 1409 1211 1429 cor
1234 1402 1344 1439 requiri
1369 1404 1398 1429 et

280 1453 398 1481 Rostius
422 1455 528 1490 Opusc.
553 1453 650 1481 Plaut.
676 1464 703 1491 p.
734 1454 791 1481 152
826 1456 855 1481 et
889 1453 1064 1490 Spengvlius
1099 1453 1193 1481 Plnut.
1224 1463 1251 1490 p.
1286 1454 1321 1481 17
1353 1463 1396 1490 sq.

280 1504 497 1533 intellexerunt.
564 1505 589 1532 A
621 1504 851 1539 „Commium-11⁴⁴
884 1508 981 1533 autem
1016 1514 1090 1533 novo
1125 1515 1209 1533 versu
1240 1505 1397 1541 incipiente

279 1556 433 1594 discriptio
463 1566 600 1585 versuum
630 1557 658 1584 in
687 1556 771 1584 codd.
796 1567 890 1594 usque
920 1557 957 1584 :td
981 1558 1018 1585 73
1049 1557 1169 1585 turbata
1193 1559 1244 1584 est.
1270 1571 1309 1574 —
1337 1553 1397 1592 Qui

280 1608 455 1645 Spengelius
479 1610 508 1635 et
532 1608 660 1635 numeris
684 1610 713 1635 et
736 1609 878 1636 sermonis
902 1618 954 1636 usu
980 1608 1109 1636 iubente.
1135 1623 1173 1627 -—
1199 1608 1248 1642 64,
1273 1608 1308 1635 cs.
1333 1607 1396 1635 Mil.

281 1660 351 1687 786.
373 1673 408 1677 —-
431 1656 604 1697 quisquam,
629 1659 663 1686 cf.
680 1659 715 1687 nd
730 1659 816 1687 Most.
835 1660 903 1688 596.
925 1674 958 1678 —
978 1655 1149 1695 perhibent.
1175 1660 1208 1687 cf.
1224 1659 1311 1697 Epid.
1327 1660 1397 1687 626.

280 1710 443 1739 Memmio.
480 1709 568 1738 Poen.
584 1711 653 1738 239.
685 1709 775 1739 Stich.
791 1712 860 1739 274.
886 1725 925 1729 —
951 1711 999 1738 65.
1025 1710 1092 1738 Sive
1116 1721 1166 1738 cor
1191 1711 1293 1746 habeo,
1318 1711 1397 1748 quod

280 1762 387 1797 dolent,
413 1761 500 1796 dolet,
525 1762 586 1789 sive
605 1771 661 1790 non
680 1762 782 1797 haheo,
801 1765 903 1799 pectus
922 1765 1019 1789 tamen
1038 1762 1108 1789 mihi
1128 1761 1217 1790 dolet.
1262 1760 1395 1796 „autem”

280 1813 405 1841 libenter
439 1813 607 1841 deleverim.
638 1827 678 1832 —-
713 1814 762 1841 66.
799 1810 895 1841 Amat
928 1815 1000 1848 cet.;
1038 1813 1111 1841 lenm
1146 1813 1212 1841 edd.
1244 1814 1304 1842 sere
1339 1813 1398 1842 haec

280 1864 428 1898 tribuunt,
469 1864 533 1892 cod.
558 1865 568 1892 l
600 1865 709 1893 rectius
738 1864 912 1901 Gyinnasio,
943 1865 977 1892 cs.
1011 1865 1066 1892 115
1093 1875 1149 1901 sq.;
1187 1876 1204 1892 a
1234 1864 1255 1892 B
1286 1865 1314 1892 in
1344 1864 1398 1892 hac

281 1915 386 1943 fabulae
412 1918 496 1953 parte
519 1926 710 1953 personarum
734 1918 809 1944 notae
834 1915 947 1943 absunt.
1006 1916 1143 1944 Proxima
1173 1926 1290 1953 quoque
1321 1918 1399 1944 recte

281 1968 416 2005 personis
440 1967 594 1995 distribuit.
613 1968 633 1995 1.
659 1983 699 1986 -
722 1974 872 2002 amarum,
897 1967 1021 2003 quaesita
1045 1968 1108 1995 soni
1133 1967 1334 1995 similitudine.
1359 1981 1398 1986 —-

283 2019 331 2046 67.
357 2015 510 2055 Namque,
535 2028 560 2045 v.
587 2019 623 2046 ad
647 2018 730 2056 Cnpt.
757 2019 826 2047 599.
857 2033 897 2037 —
927 2019 975 2046 08.
1013 2014 1154 2046 Gustata
1183 2018 1300 2055 scripsi,
1333 2027 1398 2045 usin

281 2069 425 2106 syllabam
451 2069 593 2097 excidisse
617 2070 730 2098 numeri
755 2069 923 2098 ostendunt..
969 2069 1141 2107 Superiores
1160 2069 1217 2097 alin
1236 2072 1397 2103 tentarunt,

282 2123 316 2150 ut
341 2119 452 2158 „Gustu
477 2118 545 2157 qui⁴¹
572 2124 623 2149 aut
649 2120 762 2157 „Gustu
786 2119 865 2149 uix“.
920 2121 1003 2149 Both.
1029 2123 1059 2149 et.
1081 2120 1214 2148 Mueller.
1242 2118 1398 2157 „Gustui“,
