1596 2478
140 158 177 189 11,
198 160 220 190 l,
239 158 331 190 76—2,
352 158 384 184 13
618 157 796 183 Mostellaria.
1224 161 1264 189 95

140 252 314 282 Facturum
337 261 395 289 me,
419 255 455 281 ut
479 260 517 281 ne
542 251 640 281 etiam
665 251 836 291 adspicere
861 251 952 282 aedis
976 250 1108 288 audeat,

139 303 254 345 Capite
278 304 435 335 obuoluto
460 307 496 335 ut
521 304 624 342 fugiat
648 314 719 335 cum
745 315 871 335 summo
895 308 994 336 metu.
1211 313 1262 338 415

139 358 263 389 clauim
289 358 368 389 cedo
392 361 491 398 atque
515 357 568 388 abi
593 357 668 388 hinc
692 359 787 389 intro.
835 358 979 390 Occlude
1003 359 1133 394 ostium,

140 412 179 442 Et
203 422 261 450 ego
286 411 361 442 hinc
385 411 564 442 occludam.
611 411 689 442 Iube
714 412 825 442 uenire
849 422 935 443 nunc
959 412 1039 451 iam3

138 465 246 496 Ludos
270 475 329 505 ego
354 465 450 496 hodie
475 465 551 496 uiuo
576 466 741 505 praesenti
766 465 819 496 hic
843 466 911 496 seni

139 519 281 555 Faciam,
304 519 390 558 quod
415 519 512 550 credo
538 523 666 549 mortuo
690 529 867 559 numquam
893 519 970 550 fore.

138 572 321 604 Concedam
348 583 367 603 a
390 572 514 603 foribus
539 572 615 610 huc;
640 572 716 603 hinc
741 572 939 613 speculabor
963 573 1086 613 procul,
1212 582 1264 606 420

139 625 230 657 Unde
255 626 446 657 aduenienti
471 626 633 657 sarcinam
658 626 811 666 inponam
835 627 912 658 seni.

229 831 556 863 THEOPROPIDES
591 831 738 863 SENEX.
806 831 965 863 TRANIO
1002 831 1174 863 SERUOS.

548 925 860 965 Theopropides

137 979 260 1015 Habeo,
286 979 445 1019 Neptune,
469 980 611 1018 gratiam
637 989 787 1017 magnam
812 979 881 1016 tibi,

139 1034 243 1070 Quom
269 1043 317 1064 me
342 1033 479 1064 amisisti
503 1043 523 1064 a
545 1036 577 1063 te
602 1033 656 1063 uix
680 1033 791 1063 uiuom
815 1032 922 1063 modo.

139 1087 258 1119 Uerum
283 1087 309 1118 si
335 1086 470 1127 posthac
494 1097 543 1117 me
568 1086 682 1127 pedem
707 1086 809 1117 latum
835 1086 931 1117 modo

139 1141 227 1172 Scies
251 1141 409 1181 iuposisse
433 1141 465 1171 in
490 1140 622 1178 undam,
647 1140 737 1171 haud
759 1150 857 1171 causa
881 1140 956 1171 ilico
982 1144 1042 1177 est,
1213 1149 1264 1174 425

138 1194 232 1232 Quod
257 1205 342 1226 nunc
366 1194 500 1225 uoluisti
524 1194 641 1231 facere,
668 1195 745 1235 quin
770 1194 872 1225 facias
896 1193 984 1225 mihi.

140 1250 258 1289 Apage,
284 1259 387 1289 apage
412 1252 443 1279 te
467 1259 486 1279 a
510 1259 559 1279 me
584 1258 669 1279 nunc
692 1249 758 1279 iam
783 1252 857 1288 post
882 1248 967 1279 hunc
991 1248 1089 1286 diem;

139 1301 231 1339 Quod
256 1302 441 1333 crediturus
465 1302 526 1333 tibi
550 1302 605 1339 fui,
630 1313 723 1333 omne
747 1302 880 1333 credidi.

622 1362 769 1393 Tranio

138 1415 273 1456 Edepol,
299 1415 460 1457 Neptune,
486 1416 663 1456 peccauisti
688 1415 834 1455 largiter.

139 1470 200 1507 Qui
225 1471 428 1501 occasionem
453 1470 537 1501 hauc
559 1470 699 1500 amisisti
724 1472 790 1500 tam
814 1469 943 1500 bonam.
1211 1479 1263 1503 430

547 1529 854 1570 Theopropides

138 1584 290 1615 Triennio
315 1587 389 1624 post
413 1584 560 1624 Aegypto
584 1583 726 1614 aduenio
751 1583 902 1621 domum3

138 1638 250 1675 Credo,
274 1641 485 1678 exspectatus
509 1638 639 1668 ueniam
664 1636 891 1668 familiaribus.

619 1696 770 1728 Tranio

138 1752 244 1783 Nimio
268 1751 384 1792 edepol
407 1750 461 1781 ille
485 1751 594 1791 potuit
617 1751 842 1791 exspectatior

140 1806 267 1843 Uenire,
291 1806 347 1846 qui
370 1808 403 1836 te
426 1795 593 1836 nuntiaret
615 1808 791 1836 mortuum.

205 1925 255 1949 414
274 1932 318 1949 me
337 1931 387 1949 om.
458 1923 553 1949 audiat
571 1923 598 1949 B
668 1925 720 1950 415
739 1924 874 1950 obuoluta
948 1924 999 1949 416
1017 1924 1092 1950 intro
1111 1927 1194 1958 atque
1214 1933 1259 1950 oc-

138 1966 219 1993 clude
289 1967 339 1992 417
358 1966 483 1991 nuntiam
505 1965 528 1991 0
589 1966 639 1991 418
659 1966 725 1992 hodi
743 1966 770 1992 B
840 1975 905 1992 sene
967 1967 1017 1992 419
1035 1975 1091 2000 quo
1112 1967 1147 1992 do
1169 1967 1222 1993 edo
1244 1967 1266 1993 Ο

137 2011 188 2035 420
207 2012 344 2041 tamqnam
361 2016 437 2034 novae
452 2016 539 2035 seenoe
553 2010 766 2041 superscribitur
781 2008 922 2034 TRANIO
1110 2017 1194 2042 supra
1213 2011 1262 2035 422

137 2051 403 2078 THEUROPIDES.
514 2052 565 2076 422
583 2060 694 2084 nepuue
713 2052 735 2077 0
833 2053 884 2078 423
903 2052 938 2078 ad
956 2054 984 2077 te
1095 2053 1145 2077 424
1165 2052 1261 2078 Uirum

138 2095 188 2120 425
207 2094 266 2119 Sies
324 2093 378 2119 hau
444 2094 494 2118 427
514 2095 612 2126 Apage
632 2102 664 2120 ac
683 2102 734 2127 age
755 2094 778 2120 C
835 2095 886 2120 428
905 2095 979 2119 omni
1001 2094 1023 2120 G
1079 2095 1126 2120 431
1149 2095 1261 2128 aegipto
