1596 2478
171 193 204 224 11,
226 194 248 218 2.
268 192 368 217 20—37
677 188 782 215 Casina.
1258 191 1292 218 15

253 286 334 316 Nam
361 284 466 324 peculi
492 283 625 324 probam
651 283 731 313 nihil
757 282 878 313 habere
904 282 1042 313 addecet
1246 291 1292 315 185

252 340 342 370 Clam
366 339 487 373 uirum,
517 342 550 368 et
578 337 607 367 si
630 346 714 377 quae
741 337 853 374 hahet,
887 342 1017 376 partum
1042 337 1070 366 ei
1096 336 1182 367 haud
1206 347 1291 367 conu-

886 390 979 422 mode
1003 394 1059 427 est,

253 448 338 486 Quin
362 447 433 478 uiro
459 449 516 477 aut
539 444 715 476 subtrahat
739 449 796 475 aut
820 448 935 484 stupro
960 445 1130 475 inuenerit.

256 502 323 533 Hoc
348 500 409 532 uiri
435 509 549 531 censeo
573 509 645 530 esse
669 509 772 537 omne,
797 498 951 539 quicquid
977 503 1066 530 tuum
1093 503 1151 529 est.

611 586 847 619 Cleostrata

253 644 300 676 Tu
326 642 458 684 quidem
482 642 658 673 aduorsum
682 645 772 673 tuam
796 641 935 672 amicam
960 643 1068 673 omnia
1098 642 1248 682 loqueris.

631 729 838 770 Myrrhina

257 787 341 819 Tace
366 786 417 819 sis.
442 785 552 818 stulta,
578 788 610 815 et
634 784 712 815 mihi
736 784 896 815 ausculta.
1248 797 1297 822 190

259 842 333 872 Noli
357 841 401 871 sis
426 844 459 871 tu
485 839 531 870 illi
556 838 736 870 aduorsari.

175 898 249 929 Sine
274 899 374 933 amet3
409 895 492 930 sine,
526 893 611 934 quod
636 892 741 926 lubet,
774 893 805 923 id
832 894 943 931 faciat,
976 894 1107 934 quando
1132 896 1190 927 tibi
1214 897 1295 928 nihil

890 948 976 979 domi
1001 949 1161 981 delicuum
1187 955 1246 982 est.

616 1027 850 1059 Cleostrata

176 1087 266 1118 Satin
291 1095 372 1116 sana
396 1084 452 1114 es‘?
498 1083 577 1113 Nan)
608 1086 644 1113 tu
675 1082 823 1122 equidem
848 1083 1010 1114 aduorsus
1035 1088 1122 1115 tuam
1148 1087 1211 1117 ista
1236 1098 1295 1119 om-

888 1138 942 1168 m’a
966 1148 1032 1169 rem
1058 1138 1198 1180 loquere.

634 1208 846 1249 Myrrhina

851 1302 854 1304 ,
1132 1267 1299 1309 Insipiens,

177 1321 312 1360 Semper
335 1322 369 1349 tu
395 1318 469 1348 huic
494 1317 594 1348 uerbo
618 1317 723 1348 uitato
748 1317 806 1348 abs
830 1321 886 1349 tuo
912 1319 992 1350 uiro.

619 1393 857 1426 Cleostrata

893 1449 975 1487 Quoi
1000 1451 1124 1483 uerbo?

637 1519 842 1560 Myrrhina

1014 1577 1027 1608 I
1052 1577 1148 1617 foras,
1172 1581 1298 1613 mulier.

627 1643 859 1676 Cleostrata

266 1699 311 1738 St,
334 1703 416 1732 tace.

376 1772 378 1774 ·
635 1762 839 1803 Myrrhina

376 1816 458 1854 Quid
484 1816 554 1848 est?

621 1879 857 1912 Cleostrata

512 1934 578 1972 Em,

267 2054 314 2079 186
333 2054 354 2079 si
374 2061 423 2081 om.
511 2055 650 2082 commodi
747 2058 794 2084 187
813 2068 878 2085 uero
897 2060 945 2086 IE
1040 2063 1086 2088 188
1106 2071 1186 2090 omne
1207 2074 1266 2091 esse
1285 2067 1305 2092 I

182 2097 229 2121 192
248 2096 369 2129 deliqum
389 2097 424 2127 Ε,
445 2098 596 2131 deliquium
616 2100 636 2125 I
717 2102 765 2127 193
784 2104 814 2127 tn
832 2102 862 2128 Ε
941 2104 993 2130 ista
1011 2104 1058 2130 ΙΕ
1137 2108 1231 2133 omnia
1251 2117 1300 2135 ‹ym-

182 2140 228 2164 194
247 2139 281 2165 ab
300 2139 345 2165 IE
417 2142 462 2166 195
482 2141 532 2167 Est
602 2142 670 2168 Hem
