1596 2478
308 248 348 276 86
819 240 907 266 Plauti
1251 239 1270 270 l,
1292 241 1312 268 lv
1332 239 1433 265 bss—sss

741 335 995 374 Gymnasium

315 391 353 423 Di
379 391 495 422 faxint!

820 458 924 490 Lena

546 513 622 544 Sine
646 522 747 554 opera
771 518 825 543 tua
851 512 883 542 cli
907 512 1030 543 horunc
1055 511 1135 542 nihil
1159 511 1264 542 faeere
1289 514 1434 551 possunt.

742 600 996 640 Gymnasium

314 657 472 698 Equidem
499 655 606 686 hercle
632 654 748 685 addam
774 664 904 694 operam
931 653 1061 691 sedulo;
1084 653 1140 684 sed
1164 658 1200 684 tu
1225 653 1316 684 aufer
1334 653 1435 684 istaec

1027 707 1138 738 uerba.
1401 715 1435 740 50

313 764 404 794 Meus
427 762 550 798 oculus,
574 772 646 793 mea
670 761 845 798 Selenium,
870 771 1047 802 numquam
1072 771 1131 799 ego
1156 766 1187 791 te
1212 761 1389 792 tristiorem

312 817 387 849 Uidi
408 827 492 854 esse3
516 815 605 857 quid,
624 815 714 849 cedo,
738 818 780 853 te,
800 814 948 848 obsecro.
972 819 1037 846 tam
1059 814 1215 845 abhorret
1235 814 1437 846 hilaritudo?

313 871 426 911 Neque
455 869 576 901 munda
607 867 754 906 adaeque
783 879 834 906 es,
868 872 905 899 ut
934 868 1019 899 soles
1048 885 1090 889 —
1114 868 1175 899 hoc
1203 868 1246 899 sis
1274 867 1364 905 uide,
1400 871 1437 898 ut

1031 922 1147 962 petiuit

314 978 512 1017 suspiritum
532 976 613 1007 alte!
630 993 665 998 —
686 979 719 1006 et
737 975 861 1015 pallida
879 986 923 1006 es.
960 975 1121 1016 Eloquere
1139 978 1312 1015 utrumque
1331 975 1435 1011 nobis,

315 1032 355 1062 Et
386 1031 462 1070 quid
498 1030 557 1062 tibi
593 1034 657 1063 est.
694 1035 726 1060 et
754 1028 830 1069 quid
861 1029 942 1060 uelis
971 1032 1116 1060 nostram
1147 1039 1288 1069 operam,
1313 1032 1351 1060 ut
1378 1039 1437 1060 nos

1029 1083 1176 1114 sciamus.
1403 1091 1436 1116 55

314 1139 397 1175 Noli,
421 1138 568 1175 obsecro,
592 1137 746 1169 lacrumis
770 1138 835 1167 tuis
861 1135 938 1167 mihi
963 1137 1139 1168 exercitum
1164 1137 1323 1177 inperare.

773 1229 971 1260 Selenium

312 1285 497 1322 Excrucior,
533 1294 605 1315 mea
627 1284 854 1324 Gymnasium,
889 1282 984 1321 malm
1019 1283 1102 1314 male
1137 1283 1215 1315 mihi
1250 1287 1316 1319 est,
1352 1283 1436 1315 male

1029 1348 1192 1375 macerem

313 1392 413 1424 Doleo
438 1391 478 1422 ab
503 1392 622 1428 animo,
645 1391 738 1422 doleo
763 1391 803 1421 ab
828 1391 939 1422 oculis.
964 1390 1059 1421 doleo
1083 1391 1124 1422 ab
1149 1391 1364 1431 aegritudine.

313 1445 400 1483 Quid
426 1445 540 1481 dicam,
564 1445 628 1476 nisi
653 1445 793 1476 stultitia
818 1455 888 1476 mea
912 1455 960 1476 me
985 1445 1018 1475 in
1043 1455 1222 1477 maerorem
1248 1445 1344 1486 rapi?

749 1538 1002 1578 Gymnasium

314 1592 470 1625 Indidem,
495 1592 580 1623 unde
599 1592 710 1623 oritur.
735 1593 833 1622 facito
853 1596 888 1622 ut
909 1592 1008 1623 facias
1028 1592 1202 1623 stultitiam
1222 1592 1434 1633 sepelibilem.

774 1683 976 1716 Selenium

316 1737 400 1775 Quid
424 1737 565 1769 faciam?

746 1797 1007 1838 Gymnasium

564 1852 598 1882 Iu
624 1851 768 1883 latebras
793 1850 974 1882 abscondas
999 1855 1132 1892 pectore
1157 1852 1381 1892 penitissumo.
1404 1860 1435 1886 61

315 1904 417 1935 Tuam
443 1905 616 1936 stultitiam
643 1905 712 1936 sola
736 1905 835 1936 facito
861 1910 894 1935 ut
920 1906 1004 1936 scias
1029 1905 1098 1937 sine
1122 1906 1196 1936 aliis
1221 1905 1366 1937 arbitris.

400 2040 432 2064 49
451 2038 546 2065 ἠχὴ-ἁ
567 2040 592 2065 B
706 2040 774 2066 nihil
793 2040 820 2066 di
841 2040 892 2066 hor
911 2040 983 2066 huno
1002 2040 1048 2067 ΙΕ
1166 2042 1199 2066 50
1218 2044 1247 2066 tu
1267 2040 1341 2066 inter
1358 2041 1438 2067 istaec

316 2082 346 2106 51
369 2081 496 2106 silenium
517 2081 560 2107 Bl
639 2084 672 2108 53
691 2091 719 2108 es
738 2091 786 2108 om.
807 2082 826 2108 Ι
900 2083 932 2107 54
952 2083 1030 2108 uobis
1051 2086 1201 2116 utrumque
1222 2081 1251 2108 E
1317 2084 1351 2108 56
1369 2082 1437 2108 uelit

315 2124 348 2148 57
368 2122 430 2148 Mea
449 2124 595 2149 excrucior
613 2133 675 2150 mea
695 2124 874 2157 Gymnasium
894 2124 967 2150 male
987 2124 1053 2150 mihi
1175 2125 1208 2150 58
1226 2124 1391 2158 egi-etudine
1410 2124 1439 2150 E

315 2165 348 2190 59
373 2165 473 2190 stulein
492 2165 521 2191 E
592 2167 663 2199 rapit
680 2165 707 2192 B
779 2167 811 2192 62
831 2167 957 2192 atulcium
979 2167 1065 2192 solam
1085 2167 1114 2193 E
