1596 2478
134 217 178 249 lv,
197 219 221 250 4,
239 217 340 245 26—V.
363 219 382 246 l.
405 217 434 242 12
635 216 741 242 Casina.
1204 219 1243 248 67

568 311 592 342 L
599 322 617 351 y
626 311 658 342 si
668 311 686 342 d
695 321 714 342 a
722 322 751 342 m
760 321 779 342 u
787 322 802 342 s

612 365 764 403 Obsecro,
788 370 825 396 ut
847 366 1015 397 ualentula
1038 366 1103 397 est!

128 420 233 451 Paene
257 421 418 461 exposiuit
441 420 562 451 cubito.

595 491 779 532 Olympio

607 544 760 576 Cubitum
784 555 861 586 ergo
885 546 930 576 ire
954 546 1032 577 uolt.
1196 555 1245 580 795

571 622 808 663 Lysidamus

129 677 212 715 Quin
236 678 319 708 imus
343 677 440 717 ergo?
483 677 497 707 Ι
521 676 604 708 belle
628 676 807 708 belliatula.

239 967 516 1000 CLEOSTRATA
581 969 808 1000 MYRRHINA
876 969 1139 1001 PARDALISCA
1224 971 1247 1002 C

587 1063 792 1104 Myrrhina

217 1119 378 1158 Acceptae
402 1117 483 1148 bene
507 1120 540 1148 et
564 1117 730 1149 commode
755 1118 880 1149 eximus
903 1119 991 1149 intus

216 1171 326 1203 Ludos
350 1172 457 1203 uisere
480 1172 544 1202 huc
567 1172 601 1202 in
623 1171 712 1202 uiam
734 1172 899 1212 nuptialis.

217 1226 400 1266 Numquam
425 1229 554 1257 ecastor
576 1225 644 1257 uno
668 1226 719 1257 die
743 1227 797 1258 risi
823 1227 969 1268 adaeque

217 1279 332 1320 Neque
349 1279 420 1315 hoc,
444 1280 529 1321 quod
548 1280 704 1311 relicuum
724 1285 783 1318 est,
808 1281 879 1321 plus
898 1282 1037 1312 risurum
1057 1283 1179 1322 opinor.
1200 1292 1250 1317 800

133 1333 255 1375 [Lubet
278 1334 450 1366 Chalinum
469 1334 547 1375 quid
567 1338 652 1375 agat,
677 1336 760 1366 scire
780 1346 899 1367 nouom
918 1340 1052 1376 nuptum
1072 1347 1144 1368 cum
1162 1348 1249 1369 nouo

835 1391 989 1428 marito]

217 1443 284 1474 Nec
306 1442 469 1474 fallaciam
493 1444 683 1475 astutiorem
707 1443 792 1475 ullus
816 1444 895 1475 fecit

220 1497 320 1528 Poeta
342 1502 441 1538 atque
464 1502 502 1529 ut
523 1498 604 1529 haec
629 1502 677 1529 est
699 1498 790 1529 fabre
813 1498 901 1529 facta
924 1498 965 1529 ab
990 1498 1091 1529 nobis.

220 1550 371 1582 Obtunso
394 1562 451 1583 ore
473 1562 560 1583 nunc
582 1552 739 1592 peruelim
763 1552 943 1593 progrediri

218 1604 343 1643 Senem⁷
369 1616 434 1646 quo
458 1617 556 1638 senex
578 1607 716 1647 nequior
738 1606 847 1637 nullus
871 1607 962 1637 uiuit.
1200 1616 1250 1641 805

217 1659 266 1690 Ne
288 1659 380 1691 illum
405 1660 536 1701 quidem
560 1661 747 1701 nequiorem
771 1661 895 1692 arbitro
920 1671 999 1698 esse,

219 1713 279 1752 Qui
303 1714 408 1746 locum
433 1715 571 1755 praebet
594 1714 651 1746 illi.

574 1785 813 1818 Cleostrata

691 1840 786 1872 Nunc
810 1840 992 1881 praesidem

219 1956 270 1980 794
290 1954 352 1981 UIL
413 1955 464 1980 795
481 1955 612 1988 exposuit
629 1954 675 1981 ΙΕ
735 1953 803 1981 SEN
862 1954 1014 1980 cumbitum
1033 1953 1057 1979 E
1120 1955 1170 1980 796
1189 1954 1252 1981 UIL

221 1996 272 2029 Qui
290 1998 372 2024 minis
390 1997 425 2030 Β,
444 1996 578 2029 Quimmis
597 1997 626 2023 E
739 1997 816 2023 SEN.
836 1997 908 2023 bella
926 1997 1059 2023 bellatula
1076 1997 1151 2023 BIE

136 2039 369 2066 PARDALISCA
389 2047 439 2066 om,
458 2041 493 2071 A,
512 2039 655 2066 MULIER
674 2039 860 2066 ANClLLAE
880 2040 908 2066 11
927 2040 1001 2066 ΒΙΕ
1101 2039 1121 2066 C
1140 2048 1190 2066 mn.
1209 2040 1255 2066 ΒΙ

143 2083 194 2108 ’197
212 2083 333 2110 ANCIL.
352 2083 375 2114 Ι,
395 2086 452 2109 cett.
470 2083 542 2109 nihil
605 2084 656 2109 798
674 2083 777 2109 uiseret
795 2083 824 2109 E
883 2083 929 2109 uia
994 2083 1043 2108 799
1062 2082 1133 2109 Num
1154 2092 1208 2116 qua
1227 2082 1256 2108 Ε

210 2126 334 2159 adeaque
353 2126 372 2152 Ι
452 2127 503 2152 800
519 2125 658 2159 reliquum
746 2127 796 2152 803
815 2135 830 2151 a
850 2125 877 2151 E
953 2126 1003 2151 806
1022 2126 1110 2151 unum
1129 2125 1175 2151 ΙΕ

136 2168 275 2194 arbitrare
293 2168 356 2200 BE,
376 2169 540 2194 arbitrarem
559 2168 579 2193 Ι

1018 2221 1049 2248 5*
