1596 2478
318 163 354 192 18
805 160 918 186 Plautus
1171 160 1190 192 1,
1210 162 1233 192 2,
1252 160 1358 191 50—11‚
1379 161 1400 191 1,
1419 161 1435 186 2

777 254 972 294 Epidicus

442 308 502 339 Est
526 307 688 339 Euboicus
713 307 805 340 miles
828 308 984 349 locuples,
1009 307 1111 339 multo
1136 318 1216 339 auro
1241 312 1365 349 potens.
1388 318 1435 342 155

314 361 386 398 Qui,
416 361 470 392 ubi
495 361 555 392 tibi
578 362 676 393 istam
700 365 841 402 emptam
866 372 938 393 esse
964 361 1061 393 scibit
1084 366 1182 401 atque
1207 361 1290 392 hanc
1313 362 1435 393 adduc-

1029 419 1096 446 tam
1112 415 1266 448 alteram.

313 468 475 499 Continuo
499 472 531 499 te
555 469 663 500 orabit
686 469 782 506 ultro,
807 473 844 501 ut
867 469 955 500 illam
981 470 1147 500 tramittas
1171 469 1242 500 sibi.

313 522 374 552 Sed
401 522 454 552 ubi
479 521 536 553 illa
559 526 618 557 est,
644 533 742 563 quam
766 526 801 553 tu
826 523 993 554 adduxisti
1018 524 1148 554 tecum?

723 582 1030 623 Stratippocles

1098 636 1166 667 Iam
1189 635 1264 668 faxo
1288 636 1339 668 hic
1363 638 1433 668 erit.

739 689 1010 721 Chaeribulus

314 743 398 781 Quid
424 743 476 775 hic
499 753 584 775 nunc
607 744 757 783 agimus?

722 798 1029 839 Stratippocles

586 851 708 883 Eamus
731 852 818 884 intro
844 852 906 883 huc
929 852 970 883 ad
995 855 1038 888 te,
1062 855 1097 883 ut
1121 852 1207 883 hunc
1231 852 1326 883 hodie
1350 853 1434 884 diem

312 905 492 937 Luculente
515 905 703 937 habeamus.

778 959 973 1000 Epidicus

762 1013 810 1045 Ite
834 1014 940 1051 intr0;
964 1024 1023 1053 ego
1048 1014 1087 1044 de
1111 1024 1146 1045 re
1169 1015 1357 1054 argentaria
1388 1023 1436 1048 160

313 1067 381 1099 Iam
406 1071 554 1099 senatum
580 1067 769 1098 conuocabo
794 1068 825 1098 in
851 1067 949 1099 corde
973 1068 1205 1104 consiliarium,

314 1120 395 1157 Quoi
415 1122 630 1161 potissumum
649 1121 816 1152 indicatur
834 1121 966 1158 bellum,
985 1122 1070 1153 unde
1090 1125 1259 1161 argentum
1281 1121 1435 1152 auferam.

314 1175 459 1216 Epidice‚
478 1175 564 1214 uide,
585 1175 664 1215 quid
683 1186 773 1216 agae.
819 1175 870 1206 Ita
888 1185 939 1206 res
959 1175 1068 1206 subito
1088 1175 1168 1206 haec
1186 1175 1348 1207 obiectast
1360 1176 1433 1207 tibi:

312 1229 460 1260 Noenum
484 1239 570 1260 nunc
594 1229 653 1260 tibi
679 1229 877 1261 dormitandi
902 1240 1008 1270 neque
1033 1229 1207 1260 cunctandi
1233 1230 1369 1270 copiast.

313 1283 467 1314 Actutum
492 1294 602 1314 senem
626 1293 814 1324 oppugnare
837 1287 961 1315 certum
987 1287 1037 1314 est
1061 1283 1231 1314 consilium
1257 1283 1343 1314 mihi.
1388 1292 1436 1317 165

312 1336 370 1367 Ibo
394 1337 489 1373 iutro,
513 1337 714 1369 adulescenti
739 1337 844 1368 dicam
870 1341 982 1368 nostro
1006 1337 1075 1368 erili
1101 1336 1176 1374 filio,

312 1390 360 1421 Ne
385 1390 459 1421 hinc
484 1391 572 1422 foras
595 1391 786 1423 exambulet
809 1401 892 1422 neue
915 1391 1046 1422 obuiam
1071 1391 1183 1422 ueniat>
1206 1391 1286 1422 seni.

446 1552 684 1584 APOECIDES
728 1553 1010 1590 PERIPHANES,
1055 1553 1188 1584 SENES
1219 1552 1307 1584 DUO

760 1638 987 1679 Apoecides

312 1691 463 1732 Plerique
488 1692 644 1730 homines,
668 1703 750 1732 quos
774 1702 872 1733 quom
896 1692 977 1723 nihil
1001 1692 1110 1727 refert,
1136 1692 1246 1732 pudet,

312 1745 373 1776 Ubi
399 1746 626 1786 pudendumst.
650 1746 694 1777 ibi
720 1757 776 1777 eos
800 1746 920 1777 deserit
945 1746 1058 1786 pudor,

516 1800 618 1837 Quom
644 1810 720 1831 usus
744 1803 796 1831 est
819 1804 855 1831 ut
879 1800 1010 1841 pudeat.
1386 1810 1434 1834 170

382 1886 428 1909 156
448 1885 499 1910 tibi
518 1893 567 1910 om.
587 1884 614 1910 A
702 1885 751 1910 159
769 1884 818 1910 ST.
838 1892 888 1910 om.
908 1885 934 1910 A
1022 1885 1069 1910 160
1089 1884 1259 1910 luculentum
1279 1885 1305 1910 A
1386 1885 1433 1910 162

311 1926 360 1958 Qui
381 1928 406 1952 A
470 1928 517 1952 164
536 1926 598 1952 Non
619 1926 691 1952 enim
759 1926 969 1952 dormitandum
989 1926 1016 1952 B
1084 1928 1133 1952 164
1152 1935 1192 1960 sq.
1211 1927 1292 1959 copia
1311 1929 1354 1951 ost
1373 1927 1431 1952 tibi.

314 1971 360 1995 165
379 1970 536 1995 adeundum
557 1970 591 2001 A,
611 1971 648 1994 At
666 1969 783 1995 eundem
806 1968 830 1994 B
906 1970 954 1995 1615
975 1970 980 1994 i
1002 1970 1008 1993 i
1029 1969 1072 1994 abi
1095 1968 1119 1994 Β
1191 1969 1263 1994 intro
1283 1972 1365 2001 atque

311 2012 416 2038 Diciam
437 2012 463 2038 Β
537 2013 583 2037 167
603 2020 654 2038 nec
674 2011 718 2037 hic
738 2011 812 2037 foras
832 2012 957 2037 ambulet
976 2020 1046 2037 nene
1066 2019 1182 2044 usquam
1201 2011 1312 2037 obuiam
1334 2010 1360 2036 Β

669 2053 785 2080 SENES
856 2053 905 2079 DU
924 2054 956 2084 Β,
977 2062 1026 2079 om.
1046 2054 1072 2080 A

313 2098 429 2123 168—75
448 2097 566 2130 quinque
584 2097 706 2123 uersibus
723 2096 749 2122 A
822 2097 870 2122 170
888 2100 967 2122 usust
985 2097 1011 2122 A
