1596 2478
138 176 185 204 lv,
205 177 227 205 2.
247 177 348 209 29—V,
372 179 392 209 1,
412 178 427 203 8
634 177 776 211 Epidicus.
1225 181 1261 210 51

605 270 797 312 Philippa

138 323 221 361 Quid
241 325 267 356 si
288 334 383 356 seruo
397 323 494 355 aliter
507 324 613 355 uisum
635 329 730 362 esset,
751 335 814 356 non
830 329 961 365 poteras
975 335 1080 364 nosse,
1101 325 1237 357 obsecro
1250 326 1266 356 ’ἓ

569 394 824 435 Periphanes

136 446 220 485 Quid
229 448 243 479 Ῥ
267 458 328 488 ego
347 448 403 489 qui
421 447 521 486 illam,
539 453 576 479 ut
595 449 735 488 primum
754 449 831 487 uidi,
853 460 1030 490 numquam
1044 450 1112 481 uidi
1126 450 1264 491 postea?

602 513 795 554 Philippa

134 555 220 587 Perii
246 555 374 587 misera.

571 615 821 656 Periphanes

340 668 387 700 Ne
411 667 460 707 fle,
485 668 617 707 mulier3
642 669 728 700 intro
752 669 820 709 abi;
844 669 929 702 habe
954 671 1099 702 animum
1122 671 1242 702 bonum

134 722 201 762 Ego
224 722 314 753 illam
339 723 510 763 reperiam.

600 782 792 824 Philippa

471 836 558 868 Hinc
581 836 717 868 Athenis
742 837 825 868 ciuis
849 847 921 869 eam
945 838 1023 869 emit
1046 838 1185 869 Atticus.
1206 845 1257 870 600

133 889 384 921 Adulescentem
408 890 558 930 equidem
583 890 737 922 dicebant
760 891 888 922 emisse.

570 955 824 996 Periphanes

969 1009 1152 1048 Inueniam;
1176 1013 1264 1041 tace.

130 1062 190 1093 Abi
214 1062 312 1094 modo
339 1063 427 1095 intro
452 1066 552 1105 atque
576 1064 662 1095 hanc
687 1064 828 1095 adserua
851 1063 988 1101 Circam,
1015 1063 1098 1095 Solis
1122 1063 1233 1094 filiam.

134 1116 202 1156 Ego
226 1116 349 1148 relictis
373 1117 471 1148 rebus
496 1117 667 1158 Epidicum
694 1128 826 1158 operam
850 1117 1038 1158 quaerendo
1063 1117 1158 1148 dabo.

137 1170 169 1202 Si
192 1171 334 1208 inuenio,
358 1171 560 1202 exitiabilem
584 1181 644 1212 ego
668 1171 716 1202 illi
740 1171 859 1203 faciam
883 1171 969 1203 hunc
992 1176 1029 1203 ut
1052 1171 1110 1203 fiat
1134 1171 1229 1203 diem.

137 1445 478 1479 STRATIPPOCLES
510 1445 800 1478 ADULESCENS.
857 1446 1022 1479 SERUOS
1052 1446 1262 1479 EPIDICUS.

494 1506 688 1538 DANISTA.
741 1505 900 1538 UJRGO.

547 1599 850 1641 Stratippocles

134 1653 218 1685 Male
243 1653 424 1694 morigerus
447 1654 528 1685 mihi
550 1659 602 1686 est
625 1654 772 1691 danista,
801 1654 858 1694 qui
881 1664 901 1685 a
924 1664 974 1685 me
998 1658 1173 1694 argentum
1198 1665 1263 1686 non

853 1708 935 1748 petit
1212 1716 1263 1742 605

134 1760 248 1802 Neque
266 1760 356 1792 illam
374 1760 520 1800 adducit,
533 1772 617 1802 quae
637 1765 746 1802 empta
765 1772 804 1793 ex
823 1762 947 1802 praeda
967 1764 1025 1793 est.
1068 1761 1132 1793 Sed
1150 1772 1262 1794 eccum

851 1815 974 1847 incedit
997 1815 1164 1856 Epidicus.

135 1867 219 1905 Quid
242 1868 323 1899 illud
349 1873 407 1907 est,
433 1869 521 1909 quod
543 1870 590 1901 illi
615 1874 750 1910 caperat
775 1869 863 1901 frons
888 1869 1134 1901 seueritudine‘?

201 1981 252 2007 597
270 1981 361 2007 uisum
381 1982 424 2007 est
489 1980 602 2006 nouisse
668 1980 718 2006 598
736 1979 854 2012 primam
873 1980 920 2013 qui
940 1979 1000 2005 uidi
1017 1978 1045 2005 Β
1112 1980 1161 2005 599
1180 1979 1260 2006 PER.

134 2031 183 2050 om.
201 2023 229 2049 A
292 2023 395 2049 habeto
414 2021 442 2048 Β
509 2022 559 2048 602
579 2022 698 2048 obserua
716 2022 744 2048 A
811 2023 886 2048 circa
948 2022 1023 2048 solus
1041 2021 1068 2048 A
1132 2022 1183 2048 604
1201 2023 1260 2048 exi-

133 2066 257 2093 tiabilem
273 2074 325 2099 ego
341 2066 442 2092 faciam
458 2068 489 2091 ut
502 2065 548 2091 hic
559 2065 609 2091 fiat
625 2065 682 2091 dies
694 2065 721 2090 A
776 2064 886 2091 UIRGO
903 2072 954 2091 om.
1006 2065 1058 2090 605
1076 2064 1151 2098 quod
1169 2073 1215 2090 me
1225 2064 1260 2096 A,

135 2108 201 2142 quid
218 2117 262 2135 me
281 2108 308 2134 B
378 2109 429 2135 606
447 2117 510 2142 quae
529 2111 572 2134 est
583 2129 589 2135 .
600 2128 606 2134 .
618 2128 623 2134 .
635 2108 740 2141 .preda
809 2108 860 2134 607
878 2107 946 2133 illuc
1015 2107 1075 2133 illic
1094 2109 1193 2140 sperat

1023 2162 1056 2187 4*
