1596 2478
301 183 360 213 170
816 179 905 206 Plauti
1227 179 1252 212 l,
1270 180 1295 212 2,
1313 180 1415 206 56—65

748 273 966 307 Peniculus

298 330 464 361 Summum
488 333 618 369 oportet
640 327 797 359 olfactare
820 328 1050 360 uestimentum
1074 328 1245 366 muliebre;

298 383 380 415 Nam
405 394 443 414 ex
467 384 551 414 istoc
574 382 645 414 loco
669 386 845 423 spurcatur
867 392 981 414 nasum
1005 382 1103 414 odore
1127 382 1290 414 inlutibili.

717 452 749 484 M
758 462 774 484 e
784 463 804 484 n
812 462 832 484 a
839 462 856 484 e
864 463 881 484 c
888 451 909 483 h
915 463 947 484 m
955 463 975 484 u
983 464 998 485 s

299 507 429 539 Olfacta
451 508 551 548 igitur
574 507 659 546 hinc,
683 506 835 539 Penicule
858 506 974 548 lepide.
1021 507 1065 540 Ut
1087 507 1230 540 fastidis!

750 578 962 609 Peniculus

1237 621 1344 654 Decet.
1368 631 1416 656 170

720 680 992 712 Menaechmus

299 735 383 773 Quid
407 736 530 776 igitur?
554 735 631 777 quid
655 735 741 766 olet?
776 734 958 775 Responde.

747 805 967 837 Peniculus

884 859 1032 899 Furtum,
1056 864 1209 899 scortum,
1234 861 1414 902 prandium.

297 915 371 947 Tibi
394 915 436 948 fio
483 940 702 946 .....

298 969 456 1002 Elocutus
479 980 522 1001 nu
569 993 574 998 .
622 994 628 1000 .
674 994 681 1000 .
728 993 735 1000 .

718 1027 999 1060 Menaechmus

298 1083 392 1115 Nunc
415 1083 457 1116 ad
481 1084 618 1115 amicam
643 1082 817 1121 deferetur,
841 1082 926 1113 hanc
949 1082 1153 1114 meretricem
1178 1082 1334 1115 Erotium.

298 1138 387 1175 Mihi,
412 1138 471 1169 tibi
494 1142 594 1179 atque
618 1137 665 1168 illi
689 1136 807 1168 iubebo
830 1137 895 1168 iam
919 1136 1070 1176 adparari
1094 1137 1285 1177 praudium3
1368 1146 1417 1171 175

300 1192 378 1223 Inde
401 1202 502 1232 usque
527 1192 567 1223 ad
592 1191 739 1223 diurnam
764 1190 892 1222 stellam
917 1191 1093 1222 crastinam
1119 1191 1314 1232 potabimus.

751 1262 774 1293 P
782 1273 798 1293 e
806 1273 824 1292 n
833 1262 843 1292 i
853 1272 870 1293 c
877 1261 914 1293 ul
923 1273 943 1293 u
952 1272 967 1294 s

300 1317 460 1358 Expedite
484 1317 670 1349 sabulatu's.
716 1317 784 1348 lam
809 1316 890 1348 foris
914 1315 995 1348 ferio
1003 1316 1018 1347 Ῥ

714 1387 771 1419 Me
781 1399 800 1419 n
809 1387 946 1420 aechm
955 1398 974 1419 u
985 1398 999 1419 s

1067 1441 1149 1474 Feri.

300 1485 360 1518 Uel
384 1496 478 1518 mane
501 1486 610 1518 etiam.

750 1544 963 1576 Peniculus

655 1599 742 1631 Mille
765 1610 898 1640 passum
922 1599 1151 1631 commoratu’s
1175 1599 1376 1631 cantharum.

725 1670 993 1702 Menaechmus

298 1725 429 1758 Placide
453 1726 555 1767 pulta.

749 1784 965 1816 Peniculus

598 1840 726 1877 Metuis,
749 1838 856 1876 credo,
880 1849 919 1870 ne
943 1838 1029 1871 fores
1052 1838 1179 1871 Samiae
1203 1839 1295 1870 sient.

368 1955 416 1980 168
435 1954 569 1980 olfaetnre
589 1955 699 1986 oportet
758 1953 806 1978 169
825 1960 857 1978 ex
876 1960 926 1978 οηι.
946 1951 973 1978 Β
1025 1952 1142 1978 modcre
1160 1951 1194 1984 Β,
1216 1951 1323 1978 modori
1344 1951 1366 1978 C

298 1997 420 2023 inlucido
494 1998 542 2023 1'70
560 1996 592 2022 Di
612 1997 685 2022 facta
757 1995 809 2021 PE,
829 2003 880 2021 om.
961 1997 1004 2021 171
1028 1995 1088 2022 ΜΕ.
1107 2003 1157 2021 om.
1227 1995 1301 2028 quod
1321 1995 1379 2020 olet
1397 1994 1419 2020 C

301 2041 416 2066 172-73
435 2049 484 2065 om.
507 2039 556 2065 BC
635 2040 682 2064 175
702 2039 783 2064 iubeo
802 2037 828 2064 B
910 2040 956 2064 176
976 2039 1119 2064 adiurnam
1138 2038 1174 2069 Β,
1194 2038 1228 2064 ad
1247 2038 1376 2063 diurnum
1397 2037 1418 2062 C

315 2104 320 2109 .
333 2104 337 2109 .
350 2091 410 2108 mue
431 2092 462 2108 vu
483 2083 508 2108 A
591 2084 638 2107 177
657 2082 796 2107 fabulatus
876 2082 946 2106 sorio
966 2081 1032 2106 forie
1052 2081 1075 2107 A
1159 2081 1206 2106 178
1225 2080 1278 2106 PE.
1297 2089 1340 2106 om

298 2129 487 2151 commoratus
562 2126 608 2151 179
626 2125 687 2151 ME.
706 2133 757 2151 om-
829 2126 917 2150 scient
