1596 2478
149 166 168 198 1,
188 169 214 199 4,
237 167 334 192 15—25
628 166 805 193 Mostellaria.
1232 170 1272 198 87

602 260 818 301 Delphium

387 303 472 335 Sino.

567 356 856 388 Callidamates

416 410 479 442 Sed
504 421 540 441 ne
561 410 631 441 sine
654 409 724 447 hoc,
748 411 836 450 quod
863 412 940 443 mihi
964 412 996 442 in
1021 422 1118 442 manu
1143 415 1201 443 est.
1221 421 1273 446 320

601 462 814 502 Delphium

353 517 386 549 Si
410 518 518 555 cades,
542 528 607 548 non
632 518 739 554 cades,
765 519 843 558 quin
868 519 982 550 cadam
1006 522 1123 550 tecum.

558 570 859 604 Callidamates

232 626 372 657 Iacentis
396 625 489 657 tollet
513 629 628 666 postea
652 636 710 657 nos
735 625 831 657 ambo
855 626 983 667 aliquis.

599 679 816 720 Delphium

351 732 463 764 Madet
485 732 589 765 homo.

565 786 856 819 Callidamates

620 841 690 872 Tun
715 852 764 872 me
789 842 837 872 ais
862 843 1112 874 ma—madere‘?

599 895 816 936 Delphium

351 949 439 982 Cedo
464 959 609 987 manum3
634 948 707 980 nolo
732 949 882 990 equidem
905 952 938 981 te
962 949 1082 990 adfligi.

556 1002 853 1034 Callidamates

351 1057 410 1089 Em
435 1060 518 1089 tene.

599 1110 633 1142 D
641 1121 656 1142 e
663 1110 699 1150 lp
705 1111 726 1141 h>
733 1111 746 1142 z·
753 1121 773 1142 u
780 1121 812 1142 m

524 1166 591 1205 Age
615 1166 626 1196 i
649 1165 754 1197 simul.

568 1218 852 1252 Callidamates

752 1273 822 1311 Quo
846 1284 905 1313 ego
930 1274 1023 1305 eam?

603 1327 813 1365 Delphium

1014 1370 1086 1402 Non
1111 1370 1199 1401 seis?
1219 1379 1269 1404 325

560 1423 852 1456 Callidamates

231 1478 318 1517 Scio;
344 1479 377 1510 in
401 1482 542 1510 mentem
566 1479 658 1509 uenit
681 1478 786 1509 modo.
833 1477 957 1518 Nempe
983 1478 1115 1509 domum
1139 1489 1176 1509 eo

231 1532 460 1564 Comissatum.

599 1586 816 1627 Delphium

504 1640 606 1672 Immo
630 1641 716 1671 istuc
741 1640 881 1680 quidem.

565 1694 852 1726 Callidamates

914 1737 982 1768 Iam
1007 1738 1149 1769 memini.

576 1790 837 1822 Philolaches

230 1844 315 1876 Num
339 1855 402 1876 non
426 1846 478 1876 uis
503 1855 553 1876 me
578 1845 710 1876 obuiam
735 1845 784 1876 his
809 1846 866 1883 ire,
891 1847 996 1877 anime
1021 1845 1088 1876 mi?

213 1931 264 1956 320
281 1930 356 1956 sinos
376 1930 397 1954 Sc
416 1929 469 1955 hoc
489 1929 564 1962 quod
582 1930 649 1955 mihi
670 1930 697 1955 in
716 1938 815 1955 manus
835 1932 877 1955 est
978 1930 1024 1955 321
1047 1938 1103 1955 non
1122 1929 1215 1955 clades
1235 1928 1271 1961 B,

145 1980 201 1998 non
221 1972 305 1998 dadas
327 1971 349 1998 G
412 1973 462 1998 322
481 1972 579 1998 ambos
641 1973 692 1998 323
712 1972 789 1998 CAL.
808 1980 858 1998 om.
922 1973 1034 1998 mais
1053 1971 1087 2003 B,
1107 1980 1170 1998 mea
1188 1971 1231 1997 his
1251 1970 1273 1996 Ο

213 2023 361 2041 mammam
380 2015 464 2040 adei-e
535 2015 585 2040 324
604 2014 680 2040 CAL.
758 2016 809 2040 325
827 2014 944 2048 Delphi«)
964 2018 1038 2041 totus
1057 2015 1149 2041 datur.
1220 2022 1271 2046 age

146 2059 163 2083 ii
180 2057 213 2089 B,
234 2066 304 2091 agen
323 2058 345 2084 O
394 2057 476 2083 simul
496 2057 571 2091 quod
625 2058 779 2084 camanscis
790 2058 824 2086 B,
844 2066 904 2083 eam
924 2067 958 2083 an
978 2058 1032 2083 scis
1045 2057 1067 2084 Ο
1116 2058 1167 2083 356
1187 2057 1270 2083 uenit.

145 2100 226 2127 DEL.
245 2101 330 2126 modo
394 2099 494 2126 meoB
543 2102 593 2126 327
612 2100 826 2126 Commissatum
847 2100 924 2126 CAL.
981 2100 1092 2133 quidem
1112 2100 1167 2125 iam
1221 2100 1271 2125 328

145 2142 227 2169 DEL.
297 2143 356 2169 eire
