1596 2478
283 186 343 215 204
790 180 878 208 manti
1189 181 1236 213 IV,
1254 182 1278 214 2,
1297 181 1399 207 81—88

287 276 326 308 Et
349 277 424 318 quid
450 278 556 307 tristis
578 277 639 306 sim
663 279 696 307 et
719 276 795 317 quid
821 275 874 306 hic
899 275 974 306 mihi
999 275 1128 310 dixerit,
1153 276 1227 307 saxo
1251 276 1344 306 scias.

287 331 375 362 Palla
401 331 476 362 mihi
501 335 550 361 est
575 330 671 361 domo
695 332 857 370 surrupta.

703 400 759 432 Me
769 399 891 431 naech
900 411 930 431 m
940 411 982 432 us

934 454 1024 486 Palla
1050 459 1205 495 surrupta
1229 460 1277 485 est
1301 454 1399 485 mihi?

736 525 952 556 Peniculus

286 579 389 611 Uideu
403 584 446 615 tu.
466 583 501 610 ut
519 581 547 609 te
566 579 723 610 scelestus
741 580 877 619 captat?
912 578 995 610 Huic
1007 583 1161 618 surrupta
1173 583 1230 617 est,
1246 589 1308 610 non
1322 579 1399 617 tibi3

285 634 365 664 Nam
390 633 536 674 profecto
560 633 619 664 tibi
644 636 797 673 surrupta
820 633 847 664 si
872 637 967 670 esset,
991 633 1085 664 salua
1108 644 1170 664 non
1196 633 1287 665 soret.
1349 641 1400 667 685

702 703 983 736 Menaechmus

285 758 371 790 Nihil
397 758 473 789 mihi
498 762 605 790 tecum
629 762 687 790 est.
734 757 797 790 Sed
821 761 855 789 tu
880 757 958 798 quid
981 758 1053 789 ais?

749 829 780 860 M
790 840 810 861 a
818 832 832 860 t
840 840 856 860 r
865 839 883 860 o
890 840 910 860 n
917 840 937 860 a

744 878 749 881 ’
887 882 988 921 Palla,
1010 883 1152 924 inquam,
1176 884 1273 924 periit
1296 884 1400 916 domo.

705 951 736 983 M
745 962 762 983 e
771 963 791 984 n
799 962 819 983 a
826 961 843 982 e
851 962 868 983 c
875 951 896 983 h
902 962 933 983 m
942 962 961 982 u
970 962 984 983 s

286 1007 365 1046 Quis
389 1018 459 1039 eam
484 1007 654 1047 surrupuit
662 1006 677 1037 ‘?

751 1065 783 1097 M
790 1068 854 1097 atr
861 1075 879 1096 ο
888 1076 907 1096 ιι
915 1075 935 1097 a

705 1119 762 1151 Pol
786 1120 872 1151 istuc
894 1118 950 1151 ille
973 1119 1042 1157 scit,
1067 1120 1123 1160 qui
1146 1119 1234 1151 illam
1258 1119 1402 1152 abstulit.

703 1190 734 1222 M
743 1202 758 1222 e
769 1202 787 1222 u
797 1202 814 1222 a
823 1201 840 1222 e
848 1200 865 1221 c
873 1190 893 1221 h
903 1201 931 1221 m
941 1201 959 1221 u
971 1201 985 1221 s

288 1247 367 1284 Quis
391 1246 443 1278 hic
467 1246 616 1278 homost?
905 1290 908 1293 .

751 1304 810 1336 Ma
819 1308 855 1335 tr
863 1314 881 1335 ο
888 1314 908 1334 ιι
917 1314 936 1335 a

598 1358 827 1391 Menaechmus
850 1357 994 1399 quidam.

704 1430 732 1461 M
745 1440 761 1462 e
770 1441 790 1461 n
799 1429 897 1462 aech
907 1439 986 1461 mus

951 1483 1074 1525 Edepol
1100 1483 1222 1515 factum
1246 1485 1402 1525 nequiter.

289 1538 367 1577 Quis
391 1540 418 1571 is
442 1538 708 1571 Menaechmust?

754 1598 937 1629 Matrona

686 1653 733 1684 Tu
757 1653 840 1689 istic,
865 1652 1007 1692 inquam.

708 1723 986 1756 Menaechmus

983 1776 1117 1817 Egone?

752 1837 937 1869 Matrona

1115 1879 1172 1911 Tu.

707 1940 762 1972 Me
773 1939 986 1972 naechmus

1175 1981 1254 2020 Quis
1276 1982 1404 2022 arguit?

357 2088 408 2112 632
427 2087 477 2111 sim
497 2095 537 2112 om
625 2088 676 2111 633
694 2089 822 2118 sau-rupta
841 2089 882 2109 est
902 2085 951 2110 tihi
1031 2086 1081 2110 634
1101 2083 1201 2110 Uident
1222 2087 1253 2109 ut
1272 2083 1404 2109 scelestus

289 2130 382 2164 capiat
451 2130 501 2155 639
520 2137 695 2155 nueuneemus
715 2132 756 2154 eat
