1596 2478
316 208 372 237 10ss
824 204 914 230 Plauti
1214 204 1264 235 111.
1282 206 1305 237 3,
1327 206 1425 232 14—26

770 298 786 317 *
829 298 845 317 *
889 299 905 318 *
949 299 966 318 *

316 342 393 375 Cum
415 341 546 373 muliere
566 341 624 372 illa
647 351 710 372 una
732 340 798 372 ibat
819 341 1050 374 adulescentula

312 397 382 428 Nou
407 396 498 436 quasi
523 405 606 426 nunc
630 395 710 426 haec
732 399 807 427 sunt
830 395 882 427 hic
905 395 1038 428 limaces
1061 396 1183 428 liuidae

313 449 514 483 Diobolares,
540 447 774 485 schoenicolae,
799 450 984 487 miraculae,

313 504 391 536 Cum
417 503 553 535 extortis
576 502 660 539 talis,
685 513 756 534 cuni
781 503 903 535 todillis
927 503 1092 541 crusculis,

312 558 437 600 capillo
461 557 563 588 scisso
587 561 685 598 atque
709 557 898 588 exscissatis
921 557 1063 595 auribus,
1375 567 1425 592 385

313 611 412 649 Quae,
437 611 531 652 quasi
555 610 726 642 carnuficis
749 611 922 651 angiporta
946 612 1115 652 purgitenl,

312 665 443 697 Foetore
465 665 550 703 turpi
573 674 679 695 onmes
702 663 830 704 abiyurzt
851 665 886 695 in
907 662 1025 705 fuyam,

313 720 378 752 Sed
398 720 478 750 scita
501 721 531 750 et
553 728 630 758 quae
651 717 746 756 facile
769 719 869 750 omnis
892 717 1023 750 adliciat
1044 719 1108 750 sibi
1114 729 1125 757 ;

313 774 395 806 Nam
418 774 465 804 ita
489 771 704 804 mustulentus
727 775 838 804 aestus
863 783 957 804 nares
981 773 1101 813 attigit.

315 827 421 869 „Tunc
443 825 557 858 huius“
582 826 711 867 inquam
737 825 820 866 „filia
844 825 917 858 es?“
944 829 1036 867 atque
1059 826 1111 858 illa
1135 828 1189 859 ait.
1379 836 1429 861 390

314 881 415 921 Pergo
439 881 526 912 illam
549 880 600 912 his
623 879 739 920 alloqui
761 880 872 912 dictis:
900 880 1017 918 „Illaec
1040 886 1072 912 te
1096 892 1177 913 auus

317 935 478 972 „Fortuna
501 934 599 966 abusa
621 934 752 974 imlz'yna
775 934 817 965 ad
836 944 888 966 res
909 935 1045 966 miseras
1068 939 1173 968 uocat.

317 989 418 1028 „Nam
442 989 536 1020 illaec
559 988 619 1020 tibi
642 989 751 1020 nutrix
775 992 833 1027 est,
857 999 897 1020 ne
921 993 1057 1020 matrem
1083 999 1227 1021 censeas.

317 1043 402 1083 „Ego
426 1046 458 1074 te
483 1042 601 1074 reduco
625 1046 657 1074 et
680 1052 797 1074 reuoco
821 1042 862 1074 ad
886 1042 1030 1081 diuitias,
1054 1043 1110 1075 ubi

319 1097 384 1136 „Tu
407 1097 570 1128 conlocere
594 1097 624 1128 in
649 1096 846 1128 luculentam
870 1096 1038 1135 familiam,
1379 1105 1430 1131 395

317 1151 426 1190 „Unde
450 1151 510 1182 tibi
533 1150 659 1182 talenta
683 1161 800 1191 magna
821 1151 938 1191 uiginti
962 1155 1056 1192 pater

317 1206 397 1244 „Det
421 1205 517 1236 dotis.
563 1204 633 1236 Non
659 1205 743 1236 enim
766 1204 829 1241 hic,
851 1205 906 1236 ubi
931 1216 968 1236 ex
992 1205 1098 1237 Tusco
1123 1206 1218 1237 modo

318 1259 419 1296 „Tute
442 1259 502 1290 tibi
527 1259 655 1299 indigne
679 1259 787 1290 dotem
811 1270 948 1300 quaeras
971 1262 1134 1300 corpore.“

737 1353 1009 1385 Phanostrata.

316 1409 374 1446 An,
399 1408 524 1446 amabo,
549 1408 702 1439 meretrix
725 1407 781 1439 illa
805 1412 862 1444 est,
887 1418 971 1448 quae
994 1407 1082 1439 illam
1107 1408 1258 1439 sustulit?

766 1502 982 1545 Lampadio

315 1558 415 1589 Immo
439 1557 591 1589 meretrix
614 1557 684 1589 fuit.
731 1556 793 1589 Sed
816 1561 854 1589 ut
877 1557 920 1590 sit
943 1557 982 1589 de
1006 1568 1045 1590 ea.
1067 1568 1112 1595 re,
1136 1557 1280 1598 eloquar.
1378 1565 1430 1590 400

316 1611 382 1643 Iam
407 1611 623 1652 perducebam
649 1611 735 1642 illam
760 1611 802 1642 ad
825 1622 874 1642 me
898 1612 1032 1644 suadela
1056 1622 1135 1643 mea.

317 1666 403 1696 Anus
427 1666 455 1696 ei
479 1665 628 1706 amplexa
651 1669 702 1696 cst
724 1676 838 1705 genua,
865 1666 1003 1706 plorans.
1028 1665 1209 1703 obsecrans,

316 1719 362 1750 Ne
387 1719 517 1750 deserat
540 1730 583 1750 se.
642 1719 722 1750 Eam
746 1729 837 1750 suam
863 1730 931 1751 esse
954 1720 1055 1751 filiam

400 1846 518 1873 Lacuna
537 1855 591 1873 non
610 1847 750 1874 indicatur
767 1847 797 1873 in
816 1848 891 1874 codd.
1027 1848 1076 1873 382
1100 1848 1188 1873 Varro
1206 1846 1238 1872 L.
1258 1846 1290 1872 L.
1315 1845 1376 1878 1⁷11,
1395 1847 1428 1871 64

316 1891 365 1916 383
391 1890 475 1916 Varro
493 1890 525 1916 L.
544 1890 576 1916 L.
601 1891 663 1922 VII,
682 1891 724 1917 64.
745 1890 817 1917 Fene.
835 1899 862 1923 p.
881 1891 934 1916 329
953 1898 989 1923 εει,
1056 1890 1106 1916 384
1126 1890 1197 1916 Fest.
1217 1890 1232 1916 1.
1251 1890 1280 1916 1.:
1301 1897 1361 1915 cum
1383 1897 1428 1914 ex-

317 1933 398 1958 tritis.
516 1932 647 1959 Priscian
665 1933 718 1959 ΙΙΙ
731 1941 758 1966 p.
777 1934 842 1959 ⁶11:
861 1933 974 1960 tudinis.
994 1932 1067 1959 lv'est.
1084 1941 1111 1966 ρ.
1129 1933 1194 1959 301.·
1213 1931 1336 1963 sodellis,
1354 1931 1428 1957 Fest.

318 1975 370 2008 Ep.
387 1984 414 2008 1¹·
433 1977 484 2000 52:
503 1975 655 2001 crocotillis
749 1977 798 2002 'deb
816 1976 925 2002 Nonius
943 1984 969 2008 p.
990 1977 1052 2002 108.-
1071 1975 1214 2000 excissatis
1305 1975 1354 2000 38ss
1373 1972 1428 1999 Νο-

316 2018 379 2044 nius
396 2026 422 2050 p.
443 2018 505 2043 190:
525 2018 672 2050 pungitans
777 2019 827 2045 389
845 2018 954 2044 Nonius
970 2026 997 2051 p.
1016 2018 1051 2043 63
1069 2025 1123 2051 nq.,⁴
1148 2017 1185 2043 id.
1201 2025 1229 2050 p.
1249 2017 1314 2042 415:
1334 2016 1429 2041 ninsti-

317 2060 408 2086 lentus
428 2063 528 2086 uentus
547 2061 623 2087 naris
643 2061 744 2093 obtigit
862 2062 907 2086 391
931 2070 969 2093 sq.
989 2060 1108 2086 Lacunoe
1126 2059 1155 2085 in
1173 2059 1247 2085 codd.
1265 2058 1430 2084 indicantur.

318 2104 367 2129 393
387 2103 436 2128 illa
453 2102 512 2128 haec
532 2101 590 2128 BE
673 2103 806 2128 meretrix
824 2103 843 2129 Ι
926 2104 975 2129 394
995 2111 1066 2128 uoco
1144 2103 1194 2128 395
1213 2101 1304 2128 locere

318 2153 453 2179 corporae
471 2145 491 2172 Ι
575 2146 624 2171 402
643 2145 724 2171 ienua
740 2145 759 2171 I
843 2149 871 2171 ct
889 2145 1036 2172 obsecrans
1054 2144 1083 2171 E
1165 2145 1215 2170 408
1234 2151 1289 2170 non
1307 2143 1336 2170 E

1381 2101 1431 2127 898
