1596 2478
146 186 177 217 V.
196 188 220 217 7,
239 186 318 213 5--21
615 185 796 212 Menaechmi.
1202 188 1264 217 227

146 280 231 313 Caue
249 280 432 321 quisquam,
457 280 542 319 quod
567 279 633 310 illic
658 280 835 317 minitetur,
860 284 1006 312 nostrum
1028 279 1119 311 flocci
1141 280 1262 312 fecerit.

147 334 230 373 Quid
251 334 366 365 statis?
390 333 468 374 quid
487 332 667 364 dubitatis?
702 333 768 364 Iam
789 333 949 365 sublimen
965 338 1095 375 raptum
1108 334 1263 374 oportuit.

147 389 212 429 Ego
235 388 288 419 ibo
313 387 353 419 ad
378 387 552 426 medicum3
578 391 710 428 praesto
736 398 791 419 ero
816 387 873 425 illi,
897 398 993 428 quom
1019 388 1167 419 uenietisi

563 462 595 494 M
605 474 699 495 euae
710 464 821 495 chmu
831 475 845 495 s

1142 507 1263 539 Occidi.

144 561 228 600 Quid
251 561 312 593 hoc
337 566 388 593 est,
410 561 543 601 negoti?
573 560 651 602 quid
681 560 782 592 illisce
810 560 957 592 homines
982 561 1023 592 ad
1048 572 1098 593 me
1122 566 1267 597 currunt,

859 614 1023 647 obsecro?

144 670 227 707 Quid
252 669 351 701 uoltis
374 669 455 700 uos?
479 669 558 709 quid
582 669 801 710 quaeritatis?
825 669 904 708 quid
929 679 978 700 me
1002 668 1266 700 circumsistitis?

145 724 214 761 Quo
238 725 356 764 rapitis
382 724 455 755 me?
484 734 549 764 quo
573 722 666 755 fertis
692 723 764 754 me?
804 722 900 754 Perii.
952 723 1094 755 Obsecro
1118 725 1266 754 nostram

858 776 963 815 fidem,
1216 785 1266 810 980

144 831 412 872 Epidamnienses
437 831 610 862 subuenite
636 831 734 863 ciues.
782 830 865 869 Quin
890 842 939 862 me
964 831 1115 862 mittitis?

602 908 803 940 Messenio

144 962 206 994 Pro
229 963 261 994 di
285 961 484 1000 inmoriales,
509 962 654 1000 obsecro,
680 963 758 1002 quid
782 972 841 1003 ego
866 962 969 994 oeulis
992 962 1138 1003 adspicio
1163 962 1265 994 meis?

144 1017 242 1048 Erum
267 1028 373 1049 meum
397 1016 634 1056 indignissume
658 1016 767 1047 nescio
792 1017 847 1058 qui
872 1016 1032 1048 sublimen
1057 1016 1173 1048 ferunt.

561 1093 593 1125 M
603 1104 620 1125 e
627 1104 646 1124 n
657 1103 677 1124 a
685 1104 701 1124 e
710 1103 726 1124 c
735 1093 756 1124 h
765 1104 794 1124 m
802 1104 823 1124 u
831 1103 845 1124 s

146 1147 264 1188 Ecquis
288 1148 455 1188 suppetias
478 1147 557 1179 mihi
582 1147 681 1179 audet
704 1147 788 1178 ferre
798 1147 813 1178 ⁶?

599 1218 802 1251 Messenio

804 1271 897 1314 [Ego,
921 1283 985 1312 ere,
1008 1273 1263 1314 audacissume.j

142 1326 167 1357 Ο
191 1326 318 1359 facinus
342 1327 509 1368 indignum
533 1331 566 1359 et
588 1327 721 1363 malum,
1214 1336 1264 1362 985

142 1380 327 1421 Epidamnii
353 1381 450 1417 ciues,
475 1392 563 1413 erum
588 1392 697 1413 meum
722 1382 775 1413 hic
798 1382 831 1413 in
856 1385 973 1421 pacato
999 1381 1118 1422 oppido

142 1434 219 1466 Luci
244 1435 387 1476 deripier
412 1436 443 1466 in
467 1436 530 1474 uia,
555 1436 610 1477 qui
635 1435 720 1467 liber
743 1436 784 1467 ad
808 1446 868 1468 uos
893 1437 1035 1468 uenerit!

140 1488 260 1520 Mittite
282 1490 400 1521 istunc.

562 1549 843 1581 Menaechmus

405 1603 549 1634 Obsecro
574 1607 615 1641 te,
640 1604 790 1644 quisquis
814 1614 858 1641 es,
884 1615 1016 1645 operam
1041 1604 1118 1635 mihi
1143 1608 1180 1636 ut
1204 1604 1261 1636 des

139 1656 209 1688 Neu
233 1657 322 1689 sinas
346 1658 377 1688 in
402 1668 452 1688 me
475 1658 628 1697 insignite
653 1658 723 1689 fieri
747 1661 873 1690 tantam
896 1659 1057 1690 iniuriam.

598 1729 630 1760 M
640 1739 656 1760 e
667 1740 681 1761 s
691 1740 705 1761 s
714 1740 730 1761 e
740 1730 804 1762 nio

138 1781 241 1813 Immo
266 1785 298 1813 et
316 1793 450 1823 operam
469 1782 554 1815 dabo
572 1786 606 1815 et
624 1783 797 1815 defendam
816 1787 849 1816 et
867 1783 1050 1816 subuenibo
1070 1784 1192 1816 sedulo.
1212 1793 1263 1819 990

138 1835 320 1876 Numquam
344 1839 376 1868 te
402 1837 509 1877 patiar
533 1837 657 1878 perire3
680 1848 731 1870 me
755 1839 861 1879 perire
885 1842 918 1870 et
942 1839 1090 1879 aequius.

205 1955 255 1981 976
273 1954 325 1988 Qui
345 1955 365 1981 C
432 1957 499 1982 satis
562 1960 694 1990 oportum
717 1957 737 1983 C
796 1958 846 1983 977
865 1957 953 1984 ΜΕΝ.
973 1965 1024 1983 om.
1042 1957 1069 1983 B
1135 1958 1186 1985 978
1204 1958 1261 1985 illic

137 1998 187 2023 979
206 2006 275 2031 quos
361 1999 541 2025 circumsutis
626 2000 676 2026 982
696 1999 819 2026 Produm
839 2000 972 2026 mortales
992 1999 1014 2026 C
1098 2001 1149 2027 984
1168 2004 1215 2027 aut
1234 2006 1261 2027 et

136 2040 255 2066 985—87
273 2040 380 2067 duobus
398 2042 519 2068 versibus
536 2041 563 2067 B
625 2044 675 2069 986
695 2042 779 2076 opido
847 2043 898 2069 987
919 2042 1049 2076 derupier
1066 2042 1093 2068 B
1159 2043 1261 2070 liberat

137 2091 187 2109 uos
249 2084 299 2110 988
318 2083 431 2110 Mittitis
451 2088 518 2111 tunc
578 2094 607 2111 es
630 2093 680 2112 om.
700 2085 727 2111 B
786 2085 854 2111 mihi
874 2085 950 2111 uides
972 2085 993 2112 Ο
1052 2086 1100 2112 991
1121 2085 1262 2113 derideres

137 2128 165 2150 te
184 2125 261 2151 cuius
280 2125 314 2158 B,
335 2126 442 2152 derires
461 2128 569 2153 tecuius
590 2127 612 2154 C

1005 2181 1056 2208 15⁸
