1596 2478
550 792 877 833 PROLOGUS.

196 896 329 927 Saluere
353 897 450 928 iubeo
474 900 674 937 spectatores
699 901 859 937 optumos,

198 950 305 982 Fidem
331 952 385 991 qui
411 951 517 983 facitis
543 952 692 989 maxumi,
719 955 751 982 et
774 962 832 983 uos
858 951 962 982 Fides.

197 1005 229 1036 si
254 1016 367 1036 uerum
392 1006 466 1041 dixi,
491 1006 616 1043 signum
641 1005 764 1036 clarum
789 1006 864 1037 date
888 1005 976 1044 mihi,

197 1058 238 1091 Ut
263 1069 321 1091 uos
346 1059 422 1090 mihi
448 1070 570 1100 aequos
596 1060 659 1090 iam
685 1059 759 1090 inde
785 1069 804 1090 a
828 1060 989 1100 principio
1012 1061 1122 1092 sciam.

195 1112 256 1150 Qui
281 1116 418 1145 utuntur
443 1114 518 1144 uino
543 1117 663 1149 uetere,
688 1114 845 1154 sapientis
871 1118 960 1153 puto,
1259 1123 1274 1148 5

195 1166 237 1199 Et
260 1168 314 1208 qui
338 1167 478 1199 libenter
501 1171 629 1199 ueteres
654 1171 804 1208 spectant
827 1167 965 1199 fabulas.

196 1221 340 1262 Antiqua
363 1232 462 1262 opera
485 1225 517 1253 et
541 1222 643 1253 uerba
667 1233 764 1263 quom
788 1222 882 1253 uobis
907 1223 1046 1262 placent,

194 1276 340 1317 Aequom
365 1280 414 1308 est
439 1276 566 1316 placere
591 1279 665 1307 ante
690 1276 770 1308 alias
794 1280 922 1307 ueteres
947 1276 1092 1315 fabulas·7

193 1329 276 1361 Nam
299 1341 385 1362 nunc
408 1341 511 1362 nouae
536 1341 619 1371 quae
645 1331 806 1370 prodeunt
830 1331 1027 1363 comoediae.

194 1384 297 1416 Multo
322 1389 397 1416 sunt
422 1386 595 1426 nequiores
619 1382 717 1425 quain
741 1386 861 1415 nummi
888 1386 973 1416 noui.
1246 1394 1275 1417 10

193 1438 260 1469 Nos
285 1442 456 1479 postquam
481 1439 593 1480 populi
617 1450 778 1469 rumorem
805 1439 1021 1471 intelleximus

194 1492 349 1524 Studiose
374 1497 526 1534 expetere
552 1505 611 1525 uos
636 1493 805 1524 Plautinas
829 1493 969 1526 fabulas.

192 1547 367 1587 Antiquam
392 1550 460 1578 eius
485 1548 645 1579 edidimus
671 1548 881 1582 comoediam,

193 1600 296 1639 Quam
321 1612 379 1632 uos
404 1602 577 1642 probastis.
602 1602 657 1642 qui
681 1602 760 1633 estis
784 1603 815 1632 in
841 1602 1040 1639 senioribus3

192 1654 274 1686 Nam
298 1656 461 1686 iuniorum
487 1657 541 1696 qui
568 1660 652 1688 sunt.
678 1667 739 1687 non
765 1660 893 1689 norunt,
918 1657 1000 1690 scio:
1244 1665 1272 1688 15

193 1708 311 1740 Uerum
336 1713 372 1741 ut
395 1713 605 1749 cognoscant.
631 1709 781 1741 dabimm
806 1721 937 1750 operam
963 1709 1086 1741 sedulo.

193 1763 280 1795 Haec
303 1774 401 1805 quom
426 1765 564 1804 primum
591 1768 665 1795 acta
688 1768 748 1796 est.
773 1765 853 1796 uicit
877 1765 980 1795 omnis
1004 1764 1141 1795 fabulas.

191 1818 239 1849 Ea
263 1822 460 1858 tempestate
483 1817 543 1849 flos
567 1822 738 1859 poetarum
764 1819 832 1852 fuit.

191 1871 251 1910 Qui
277 1883 360 1904 nunc
384 1872 537 1904 abierunt
561 1873 636 1904 hinc
660 1873 691 1903 in
715 1883 917 1904 communem
942 1873 1057 1904 locum.

191 1925 252 1958 Sed
277 1930 385 1958 tamen
410 1927 562 1958 absentes
587 1931 727 1968 prosunt
744 1937 806 1967 pro
830 1928 1070 1968 praesentibus.
1240 1935 1273 1960 20

232 2055 248 2080 8
271 2055 338 2080 alias
357 2062 406 2081 om.
520 2057 535 2081 9
555 2054 624 2081 Nam
645 2062 695 2081 om.
714 2055 741 2081 Β
852 2055 927 2080 hunc
946 2054 974 2080 E
1087 2056 1119 2080 10
1137 2054 1225 2080 Multo
1247 2054 1271 2080 B

149 2098 180 2123 12
199 2107 247 2123 nos
263 2097 293 2123 E
347 2099 377 2124 13
396 2098 502 2124 edimus
517 2098 563 2125 ΙΕ
617 2100 647 2123 17
667 2097 734 2130 haec
755 2099 841 2130 prima
860 2102 918 2124 turn
936 2099 960 2124 Ι.
978 2097 1039 2124 haec
1058 2099 1225 2131 &primatum
1246 2097 1274 2123 E

147 2142 180 2166 20
198 2149 250 2175 pro
270 2148 320 2167 om.
