1596 2478
290 193 349 223 172
795 191 887 217 manti
1239 189 1257 222 ι,
1276 190 1302 223 3,
1320 190 1402 217 9—21

755 285 780 316 E
790 296 806 316 ι·
813 296 831 316 o
838 289 852 317 t
860 286 869 316 i
877 296 896 316 ιι
906 296 935 317 ιιι

288 339 371 377 Quid
395 338 457 370 hoc
479 342 531 370 est
538 340 553 369 ¹?

706 398 739 430 M
747 409 763 430 e
772 409 792 430 n
801 409 819 430 a
827 410 844 431 e
851 409 868 430 c
875 399 896 430 h
903 410 933 431 m
942 410 963 431 u
971 411 986 431 s

541 451 699 484 Induuiae
722 455 799 484 tuae
822 457 922 494 atque
946 454 1055 485 uxoris
1079 453 1225 491 exuuiae,
1250 462 1335 484 rosa.
1356 461 1406 487 190

756 512 783 544 E
790 523 806 544 r
813 523 831 544 o
838 513 867 544 ti
876 524 896 544 u
906 524 936 544 m

289 565 429 606 Superas
454 564 563 603 facile,
595 570 631 596 ut
658 567 806 606 superior
833 567 877 598 sis
906 567 983 598 mibi
1008 577 1106 607 quam
1130 567 1304 607 quisquam
1313 592 1319 604 ,
1348 567 1405 608 qui

1000 621 1161 661 inperant.

738 679 761 711 P
770 690 786 711 e
794 690 814 711 11
822 681 832 711 i
841 690 858 712 c
865 691 886 711 u
893 680 904 711 l
910 691 932 712 u
939 691 953 712 s

287 733 440 765 Meretrix
464 734 628 774 tantisper
645 733 822 771 blanditur,
847 733 923 765 dum
941 733 1032 772 illud,
1057 733 1145 775 quod
1165 734 1281 775 rapiat,
1300 734 1404 773 uidet;

286 788 369 820 Nam
392 789 419 820 si
442 788 586 825 amabas,
615 789 678 819 iam
703 787 878 829 oportebat
900 798 1014 820 nasum
1038 788 1210 829 abreptum
1235 788 1405 820 mordicus.

705 848 987 880 Menaechmus

287 901 420 934 Sustine
444 902 514 940 hoc,
539 901 706 940 Penicule;
730 902 868 933 exuuias
891 901 1008 941 facere,
1032 912 1113 944 quas
1136 902 1223 941 uoui,
1247 902 1332 933 uolo.

750 960 962 993 Peniculus

287 1015 383 1048 Cedo.
431 1015 504 1052 Sed,
528 1015 663 1047 obsecro
686 1015 806 1053 hercle,
830 1015 915 1047 salta
938 1016 984 1047 sic
1007 1026 1079 1048 cum
1104 1016 1192 1056 palla
1214 1019 1336 1057 postea.
1359 1024 1406 1051 195

713 1075 982 1107 Illenaechmus

287 1129 355 1171 Ego
378 1129 530 1162 saltabo?
563 1130 667 1162 Sanus
690 1129 799 1162 hercle
822 1140 886 1161 non
910 1140 954 1162 es.

728 1189 940 1221 Peniculus

1013 1243 1133 1284 Egone,
1157 1254 1198 1275 an
1221 1247 1257 1275 tu
1281 1243 1405 1284 magis?

287 1286 320 1318 Si
344 1297 407 1319 non
431 1287 544 1325 saltas,
567 1297 647 1318 exue
671 1287 781 1326 igitur.

708 1345 982 1377 Alsenczechmus

818 1400 924 1432 Nimio
948 1411 1006 1440 ego
1030 1400 1114 1432 hanc
1137 1401 1282 1440 periculo

288 1454 446 1495 Surrupui
460 1454 566 1486 hodie.
587 1454 659 1486 Meo
673 1454 804 1495 quidem
816 1455 924 1486 animo
937 1454 978 1486 ab
988 1454 1165 1496 Hippolyta
1178 1454 1404 1494 subcingulum

287 1508 446 1540 Hercules
470 1508 556 1540 haud
580 1519 685 1549 aeque
710 1519 826 1548 magno
851 1519 1003 1550 uinquam
1027 1509 1162 1540 abstulit
1187 1509 1340 1549 periculo.

286 1561 374 1604 Cape
392 1562 452 1594 tibi
470 1563 564 1601 hanc,
585 1563 716 1604 quando
735 1573 799 1594 una
817 1563 902 1594 uiuis
916 1563 994 1594 meis
1008 1563 1167 1602 morigera
1181 1563 1335 1595 moribus.
1354 1572 1406 1598 200

752 1625 936 1657 Erotium

286 1679 355 1711 Hoc
378 1680 486 1711 animo
509 1679 606 1711 decet
627 1680 790 1711 animatos
813 1690 886 1711 esse
909 1684 1072 1712 amatores
1096 1679 1224 1720 probos.

737 1745 955 1777 Peniculus

286 1798 346 1837 Qui
371 1799 501 1839 quidem
525 1799 566 1830 ad
591 1799 835 1831 mendicitatem
860 1809 894 1831 se
918 1803 1095 1840 properent
1118 1798 1300 1831 detrudere.

356 1919 403 1943 190
422 1918 501 1944 uxori
520 1918 635 1944 sexuuis
653 1926 736 1944 erosa
817 1919 862 1944 191
885 1919 1037 1951 impetrant
1117 1919 1164 1944 193
1183 1925 1296 1943 nassum
1316 1917 1338 1944 G

286 1961 412 1987 modicus
432 1960 458 1986 B
531 1963 578 1987 194
597 1961 726 1987 exsuuias
797 1969 866 1994 quas
885 1969 934 1987 suo
954 1961 1048 1987 uiuolo
1068 1960 1102 1990 Β,
1123 1969 1190 1994 quae
1210 1968 1260 1986 nuo
1280 1960 1365 1986 uiuilo
1386 1960 1408 1987 C

288 2005 336 2030 195
355 2003 407 2029 ΡΕ4
429 2012 470 2029 om
566 2003 658 2030 Caedo
679 2004 701 2030 C
785 2004 884 2030 siccam
907 2003 928 2030 C
1015 2005 1062 2029 196
1079 2011 1202 2037 per-vome
1220 2011 1269 2029 om.
1359 2002 1404 2027 197

286 2047 427 2079 exuigitur
498 2046 557 2072 ME.
577 2054 626 2072 om,
697 2048 744 2072 198
763 2046 860 2080 ipolitn
879 2047 1076 2079 subgingulum
1147 2047 1194 2072 199
1212 2045 1292 2072 Haud
1311 2045 1404 2071 hercle

287 2098 369 2122 nuque
389 2088 421 2120 B,
443 2089 502 2114 And
523 2089 638 2115 hercule
658 2097 740 2122 suaque
760 2089 782 2114 G
857 2090 908 2114 200
926 2090 1005 2114 micis
1024 2090 1141 2115 moriem
1161 2088 1183 2114 Ο
1254 2089 1302 2114 201
1323 2087 1402 2113 PEN.

286 2132 336 2157 202
354 2131 409 2158 PE.
428 2139 477 2157 om.
549 2132 738 2158 medicantem
756 2131 790 2164 Β,
810 2131 1014 2158 mandititatem
1035 2132 1057 2158 C
1124 2131 1274 2165 proderent
