1596 2478
151 186 174 218 1,
193 188 216 218 2,
235 187 326 218 66-8,
345 187 362 212 8
615 185 796 212 Menaechmi.
1211 187 1266 216 171

570 280 850 311 Meneachmus

153 334 256 369 Mane,
275 344 378 371 mane,
397 333 542 371 obsecro,
563 333 686 372 hercle;
712 344 819 374 eapse,
837 344 954 370 eccam,
975 333 1049 364 exit.
1085 332 1144 368 Ah,
1168 332 1270 364 solem

865 387 950 425 uide,
1223 395 1272 420 180

150 442 240 474 Satin
265 446 302 473 ut
327 445 521 474 occaecatur
544 452 622 483 prae
646 441 744 473 huius
768 442 915 483 corporis
938 440 1144 473 candoribus.

215 657 407 690 EROTIUM
443 656 616 688 MULIER.
686 654 926 686 PENICULUS
964 654 1205 686 PARASITUS.

402 709 698 743 MENAECHMUS
735 708 1023 741 ADULESCENS.

622 804 802 836 Erotium

151 861 264 892 Anime
291 861 340 899 mi,
366 859 585 897 Menaechme,
610 858 711 890 salue.

604 923 816 956 Peniculus

684 978 767 1017 Quid
791 978 876 1018 ego?

623 1050 700 1081 Ero
709 1051 736 1080 tz·
745 1061 764 1080 ιι
772 1060 801 1079 m

808 1103 909 1135 Extra
931 1113 1102 1134 numerum
1126 1114 1160 1134 es
1183 1102 1270 1134 mihi.

602 1170 819 1202 Peniculus

150 1226 240 1258 Idem
264 1227 348 1257 istuc
371 1225 444 1257 aliis
467 1225 679 1265 adscriptiuis
704 1224 773 1255 fieri
798 1224 840 1255 ad
863 1224 1023 1263 legionem
1047 1223 1138 1254 solet.

151 1281 220 1320 Ego
243 1281 299 1312 isti
323 1290 361 1311 ac
384 1279 463 1311 mihi
487 1279 584 1311 hodie
607 1279 761 1319 adparari
785 1279 866 1310 iussi
889 1277 978 1318 apud
1002 1281 1033 1309 te
1058 1277 1228 1317 proelium.

624 1345 803 1376 Erotium

151 1389 257 1421 Hodie
281 1389 314 1420 id
338 1389 403 1420 fiet.

604 1441 818 1474 Peniculus

433 1497 469 1528 In
493 1507 531 1528 eo
555 1500 693 1538 uterque
716 1496 840 1536 proelio
865 1495 1059 1536 potabimus.
1227 1504 1274 1529 185

150 1551 230 1583 Uter
253 1551 298 1583 ibi
322 1551 436 1583 melior
459 1551 601 1582 bellator
625 1551 687 1582 erit
710 1551 863 1582 inuentus
887 1550 1057 1588 cantharo,

150 1605 198 1638 Tu
222 1605 355 1646 selegito
380 1616 418 1637 ac
441 1605 598 1643 iudicato,
623 1615 695 1636 cum
718 1609 792 1636 utro
816 1604 901 1636 hanc
925 1608 1053 1636 noctem
1078 1605 1152 1635 sies.

574 1670 847 1702 Menaechmus

150 1725 194 1757 Ut
217 1735 276 1765 ego
301 1736 446 1764 uxorem,
472 1735 544 1757 mea
566 1725 732 1766 uoluptas,
756 1725 812 1756 ubi
836 1728 868 1756 te
892 1724 1048 1764 adspicio,
1073 1723 1127 1755 odi
1152 1724 1251 1755 male!

603 1790 822 1822 Peniculus

150 1845 283 1877 Interim
307 1845 433 1886 nequis,
457 1846 535 1886 quin
560 1846 631 1877 eius
656 1844 781 1886 aliquid
805 1844 940 1876 indutus
965 1844 1036 1876 sies.

219 1966 268 1991 180
286 1965 320 1991 ab
340 1973 368 1990 se
387 1973 452 1993 ecca
523 1973 538 1991 ο
559 1965 586 1997 0,
607 1965 661 1992 PE.
681 1965 718 1991 oh
736 1963 764 1990 B
836 1963 915 1990 uides
994 1966 1039 1990 181
1061 1964 1159 1990 Santin
1178 1963 1205 1990 Β

153 2011 297 2035 occecatus
362 2009 411 2034 182
428 2009 482 2034 mei
541 2008 616 2034 salue
636 2007 702 2041 quid
722 2015 774 2040 ego
794 2010 873 2033 extra
935 2008 981 2032 183
1001 2007 1035 2032 ad
1055 2007 1193 2040 legionem
1212 2007 1273 2033 fieri

154 2052 202 2077 184
220 2052 282 2077 istic
301 2051 367 2077 mihi
468 2051 515 2077 185
534 2051 582 2077 ER
600 2059 650 2078 om.
746 2050 859 2076 fletineo
953 2059 1003 2083 pro
1023 2050 1070 2076 ilio
1168 2051 1216 2076 186
1235 2051 1273 2076 ibi

153 2095 208 2120 erit
227 2094 323 2120 melior
342 2093 368 2120 B
433 2095 479 2120 187
499 2094 585 2120 Tuest
604 2094 678 2125 legio
699 2093 858 2119 adiudicato
916 2093 986 2118 scies
1050 2094 1098 2119 188
1118 2093 1204 2119 ΜΕΝ.
1223 2101 1273 2119 om.

220 2146 306 2162 uxore
327 2138 349 2163 G
421 2139 468 2163 189
487 2136 566 2163 PEN.
585 2145 636 2163 οηι.
709 2138 767 2162 eius
787 2136 836 2161 sali
857 2136 925 2169 quid
996 2137 1086 2162 intuta
1104 2135 1132 2162 Β
1201 2137 1238 2162 sis
