1596 2478
130 183 160 214 V¹
182 185 204 216 1,
224 183 316 212 44-2,
335 185 350 209 7
594 183 775 209 Menaechmi.
1177 187 1235 215 211

127 279 225 316 Quem
250 282 285 309 tu
308 277 470 309 hominem
493 287 560 307 esse
581 287 629 308 me
652 277 822 311 arbitrare.
845 278 970 315 nescio3

127 334 193 371 Ego
218 336 248 363 tu
272 332 383 363 simitu
408 332 483 362 noui
507 341 577 362 eum
604 331 799 363 Porthaone.

591 408 775 440 Matrona

127 465 158 496 Si
182 475 232 495 me
256 463 393 498 derides,
417 466 451 493 at
474 461 527 503 pol
551 462 642 493 illum
666 473 730 494 non
755 466 858 503 potes,

127 519 256 550 Patrem
282 527 396 551 meum,
422 517 476 558 qui
502 517 564 547 huc
587 517 730 548 aduenit.
778 517 859 554 Quin
884 517 1043 558 respicis?
1189 526 1240 551 735

125 572 275 604 Nouistiu
300 576 335 602 tu
360 571 473 603 illum?

541 643 822 674 Menaechmus

416 731 419 734 ‚
524 697 606 728 Noui
632 707 704 728 cum
728 695 848 728 Calcha
872 697 975 728 simul.

125 753 245 784 Eodem
269 752 321 783 (lie
346 752 436 783 illum
463 751 529 782 uidi
553 761 616 792 quo
640 755 672 782 te
696 754 771 782 ante
795 752 881 783 hunc
905 751 998 782 diem.

592 828 776 860 Matrona

125 885 232 923 Negas
255 884 384 915 nouisse
408 883 480 914 me‘?
504 893 604 922 negas
629 887 752 923 patrem
778 883 905 914 meum‘?

542 959 820 991 Menaechmus

127 1015 215 1047 Idem
240 1015 348 1046 hercle
372 1015 487 1051 dicam,
512 1015 538 1045 si
562 1025 658 1045 auom
682 1015 731 1045 uis
755 1013 925 1045 adducere.

589 1091 774 1122 Matrona

127 1146 260 1177 Ecastor
284 1146 406 1185 pariter
429 1145 490 1176 hoc
514 1148 614 1186 atque
639 1145 720 1176 alias
744 1155 796 1176 res
821 1145 914 1176 soles.
1192 1154 1243 1179 740

256 1354 404 1386 SENEX.
451 1354 666 1386 MATRONA.
712 1352 1007 1385 MENAECHMUS
1031 1352 1112 1393 (H).

618 1459 745 1491 Senex

211 1514 252 1545 Ut
276 1520 368 1545 aetas
394 1525 465 1546 mea
489 1519 538 1546 est
561 1518 660 1555 atque
685 1517 721 1545 ut
744 1513 806 1544 hoc
829 1524 909 1545 usus
932 1512 1019 1545 facto
1043 1516 1099 1552 est,

208 1568 352 1599 Gradum
378 1568 548 1609 proferam.
573 1568 724 1609 progredi
749 1567 949 1608 properabo3

208 1622 270 1654 Sed
295 1623 326 1654 id
351 1633 448 1663 quam
471 1622 567 1654 facile
591 1623 635 1654 sit
658 1621 744 1655 mihi.
769 1621 856 1652 haud
881 1632 952 1653 sum
976 1620 1086 1653 falsus.

208 1676 289 1708 Nam
314 1677 492 1717 pernicitas
517 1676 653 1714 deserit3
678 1676 824 1707 consitus
849 1686 919 1706 sum

209 1731 390 1765 Senectute.
416 1735 566 1762 onustum
590 1740 666 1769 gero
691 1740 818 1770 corpus.
843 1730 930 1761 uires
1189 1739 1240 1764 745

209 1785 390 1826 Reliquere.
438 1784 480 1816 Ut
502 1790 594 1816 aetas
617 1784 703 1815 mala
726 1787 775 1815 est
798 1795 887 1815 merx
910 1784 996 1815 mala
1018 1783 1109 1824 ergo!

208 1839 290 1870 Nam
313 1850 364 1870 res
389 1839 556 1880 plurumas
581 1848 762 1878 pessumas,
786 1849 884 1879 quom
908 1838 1052 1876 aduenit,
1075 1838 1153 1877 fert3

190 1961 240 1984 732
258 1967 319 1984 esse
337 1967 380 1984 me
400 1965 449 1984 om.
520 1959 570 1984 733
590 1958 612 1983 si
631 1966 674 1983 me
692 1960 724 1983 tu
742 1957 775 1990 Β,
795 1958 915 1984 simefitu
936 1956 958 1983 C'
1024 1957 1076 1982 734
1094 1957 1129 1982 ad
1188 1957 1238 1983 735

122 2002 262 2034 resipiscis
280 2000 308 2026 Β
385 2001 436 2027 ’736
454 1999 563 2026 Nouisti
581 2001 642 2026 intu
661 1999 695 2032 Β,
715 2000 859 2026 nonuistin
877 2003 907 2025 tu
928 1999 948 2026 G
1026 1999 1184 2026 calchantes
1202 1999 1237 2032 B,

123 2044 266 2070 calchante
287 2043 308 2070 0
368 2045 417 2069 737
437 2043 493 2069 uidi
513 2043 588 2069 illum
609 2042 632 2069 C
689 2043 751 2068 MA.
771 2046 835 2068 ante
855 2042 882 2068 B
942 2042 993 2068 733
1011 2042 1072 2069 MA.
1091 2050 1140 2069 om.
1160 2042 1188 2069 Β

124 2086 244 2112 ΞΕΝΕΧ
263 2085 491 2112 MENECHMUS
510 2085 614 2112 ADOL.
634 2085 660 2111 B
721 2087 769 2111 741
790 2094 851 2111 mea
870 2094 898 2111 es
919 2085 942 2112 0
1006 2085 1081 2111 facto
1101 2094 1130 2111 es
1151 2085 1173 2112 C

123 2130 172 2154 744
191 2131 330 2155 consonus
400 2130 450 2153 746
470 2131 563 2160 ergnst
632 2130 682 2154 747
701 2137 782 2161 quam
802 2128 828 2153 B
899 2127 979 2153 afferi:
998 2128 1019 2154 0

987 2181 1034 2207 14³*
