1596 2478
631 173 662 199 V.
683 175 792 200 43—76.
1213 177 1275 206 253

153 272 231 309 apud
255 271 410 300 Goetzium
435 270 518 307 praef.
538 270 633 298 XXII.
652 285 691 290 —-
715 272 763 299 57.
792 268 963 305 ‚,}›asilisce“
990 270 1003 298 I
1027 272 1056 299 et
1080 270 1114 299 E.
1150 267 1276 299 basilice

153 323 234 355 edd..
264 323 299 350 cf.
325 322 361 349 ad
386 322 472 349 Cure.
498 322 567 348 359.
599 336 638 340 -ν
670 321 724 348 (mt
747 322 803 349 suit
826 331 914 358 quum
938 321 1039 349 delere
1063 322 1194 356 mallem,
1224 322 1275 350 sed

153 374 188 402 cf.
213 373 276 401 Mil.
299 374 375 400 279:
404 371 498 406 „Quid
523 371 603 399 iam?
627 375 678 399 aut
702 372 771 409 quid
796 373 843 401 hic·
867 371 1034 408 negotist?“
1086 369 1170 408 Quid
1190 370 1276 401 iam?

153 426 239 452 etiam
264 424 350 451 Most.
373 424 445 451 450.
482 422 585 450 Pseud.
607 424 677 451 958.
714 423 794 451 Pers.
815 424 863 451 30.
899 423 1017 452 Trucul.
1036 424 1105 452 330.
1122 425 1191 459 733,
1216 425 1234 452 i.
1249 433 1274 452 e.

153 474 302 512 quomodo
328 474 381 502 hoc
405 472 498 502 dicis?
530 488 570 493 —
600 475 638 502 58
663 483 706 510 sq.
736 473 766 501 Si
786 474 833 502 hic
856 484 930 502 unus
954 484 1057 503 versus
1081 477 1134 507 est,
1158 484 1276 503 necesse

152 528 197 553 est
221 528 251 553 et
274 528 511 563 transponantur
535 528 674 558 extrema,
707 527 739 552 ut
762 524 911 553 scribatur
938 535 1038 557 „arina
1062 524 1222 563 perdidit“,
1248 528 1277 553 et

153 577 280 605 addatur
304 576 416 613 aliquid
441 577 470 604 in
495 576 656 613 prioribus.
680 577 726 604 ut:
761 575 912 612 „Epidice
944 576 1002 604 ΕΡ.
1028 576 1121 610 Eheu,
1146 576 1277 614 perdidit

152 626 228 656 me“.
275 627 370 665 Gepp.
395 628 570 664 scripserat:
599 627 712 660 „Homo
736 636 781 654 me
804 625 966 664 perdidit“‚
992 626 1110 655 Goetz.:
1137 627 1206 661 „Est
1232 637 1277 655 me

152 676 314 716 perdidit“.
360 678 390 706 Si
414 678 595 714 relinquitur
617 677 749 705 codicum
774 678 937 715 scriptura,
968 677 1026 705 duo
1055 677 1130 706 fiunt
1158 679 1275 706 iambici

152 729 271 757 dimetri
295 729 469 760 catalectici,
493 739 521 756 v.
541 727 677 765 Spengel.
702 728 799 756 Plaut.
814 738 843 765 p.
860 729 928 756 143.
948 743 990 747 —
1014 730 1063 757 61.
1088 729 1275 757 Octonarium

152 782 180 808 in
210 780 284 808 duos
313 780 523 816 quaternarios
553 779 654 807 divisit
676 779 718 814 A,
754 789 787 807 nc
816 780 858 807 sic
886 779 990 807 secisse
1021 780 1154 814 mallem,
1189 783 1223 808 ut
1246 782 1275 808 in

152 832 302 869 proximo,
333 830 384 858 sed
407 831 528 868 paulum
553 831 657 866 refert,
689 833 757 858 utro
780 830 869 858 modo
893 830 1050 859 scribatur.
1088 846 1124 850 —
1162 829 1275 859 taceam

153 880 351 919 optumumst,
370 891 398 910 v.
412 881 447 908 ad
462 882 543 909 Asin.
557 882 629 909 445.
648 896 689 900 -
709 882 757 909 63.
782 878 889 917 edepol
901 884 931 909 et
943 882 968 909 A
982 884 1011 909 et
1028 884 1114 916 (επις
1138 882 1275 910 Mueller.

152 933 259 961 Luchs.
284 932 384 961 Goetz.
412 930 511 969 „pol“,
544 935 575 959 ut
599 932 723 965 „Nescio
744 930 913 960 ...tuum“
941 933 1082 961 iambicus
1106 934 1276 961 octonarius

151 984 198 1012 sit.
244 983 315 1012 Post
340 982 426 1012 buum
448 983 590 1011 excidisse
614 982 737 1020 aliquid,
763 992 827 1010 cum
852 983 977 1011 Goetzio
1001 983 1099 1018 credo,
1129 984 1181 1012 sed
1205 994 1275 1022 sup-

151 1035 233 1072 plere
263 1045 320 1063 non
349 1035 458 1069 audeo,
487 1043 583 1071 neque
611 1034 665 1062 hoc
698 1034 809 1062 incerto
838 1043 900 1061 voc.
931 1031 1054 1069 Uideor,
1085 1035 1174 1063 etiam
1197 1035 1227 1063 in
1251 1036 1277 1063 A

151 1086 268 1120 lectum,
292 1086 426 1123 quamvis
446 1088 475 1113 et
494 1087 557 1122 ipse
576 1085 613 1113 ad
627 1084 834 1113 antecedentia
846 1086 997 1122 pertinere
1010 1085 1136 1120 credam,
1161 1088 1276 1114 mutare

151 1138 253 1165 ausim.
300 1136 463 1164 Gulielmus
487 1136 579 1164 coni:
607 1137 667 1170 „ita
689 1136 803 1164 uoltum
827 1138 910 1164 tuum
936 1136 1055 1171 uideo‘²‚
1080 1136 1194 1165 Acidal.
1214 1138 1277 1172 „uti

151 1197 181 1216 u.
199 1190 220 1216 t.
239 1186 359 1222 uide0“‚
383 1187 519 1216 Mueller.
544 1187 605 1221 „ita
622 1187 736 1215 uoltum
759 1186 912 1215 turbatum
937 1187 1024 1215 uideo
1047 1185 1162 1223 tuum“‚
1187 1187 1275 1225 Seyff.

155 1239 215 1273 „ita
245 1238 345 1267 uoltus
373 1236 485 1266 tuust“.
511 1253 552 1257 —-
577 1239 626 1267 65.
657 1234 707 1266 hic
730 1238 823 1271 codd..
855 1238 990 1266 Mueller.
1019 1236 1123 1274 ‚‚hinc“
1148 1239 1277 1267 fortasse

152 1293 241 1318 recte.
298 1289 332 1317 In
356 1289 389 1325 B,
424 1290 541 1327 quicum
571 1290 719 1318 consentit
743 1289 763 1324 Ι,
798 1299 936 1317 versuum
967 1290 1091 1318 64—79
1122 1290 1277 1327 discriptio

151 1341 272 1368 turbata
302 1343 353 1368 est.
412 1340 571 1368 Duodecim
606 1350 710 1368 versus
738 1340 827 1375 fiunt,
863 1350 988 1378 quorum
1022 1341 1083 1369 haec
1113 1341 1277 1379 principia:

156 1392 167 1418 l
194 1390 348 1428 TrepidaS.
375 1392 392 1418 2
416 1391 480 1426 Hic,
506 1392 522 1419 3
543 1391 633 1425 Abeo,
659 1392 676 1419 4
695 1390 832 1426 Amatne,
859 1393 874 1419 5
896 1392 1067 1427 Detegetur,
1094 1393 1110 1420 6
1129 1392 1276 1429 Iuppiter,

153 1443 170 1469 7
194 1441 314 1473 Uenire,
340 1443 356 1469 8
382 1441 434 1477 Eo,
461 1443 477 1469 9
502 1442 599 1477 Prius,
628 1443 664 1471 10
684 1442 778 1477 Quod.
806 1443 838 1470 11
861 1443 957 1478 Mitte,
986 1444 1022 1471 12
1042 1443 1199 1471 Pereunda
1222 1445 1275 1471 est.

151 1507 193 1512 —
218 1494 266 1521 66.
292 1490 390 1521 Potin
412 1491 464 1521 ut.
481 1516 485 1520 .
502 1500 566 1528 Ale,
591 1493 627 1522 cf.
652 1493 731 1522 Men.
758 1494 828 1521 615.
864 1494 945 1521 Pers.
971 1495 1042 1522 286.
1078 1494 1183 1522 Bacch.
1206 1495 1276 1522 747.

153 1544 242 1572 Merc.
274 1545 344 1572 433.
378 1545 448 1572 768.
494 1544 601 1572 Pseud.
634 1546 704 1573 636.
750 1544 869 1572 Trucul.
901 1546 971 1573 887.
1023 1545 1089 1573 Ter.
1119 1545 1174 1573 Ad.
1205 1546 1276 1574 626.

151 1595 276 1632 simplex
292 1594 363 1629 „ne“
380 1595 470 1623 Poen.
488 1596 578 1623 1250.
602 1610 644 1614 —-
666 1596 738 1623 Post
761 1592 846 1623 Abeo
871 1595 978 1631 hiatus,
1003 1597 1061 1624 nisi
1085 1606 1149 1624 cum
1173 1596 1275 1625 Came-

151 1646 231 1673 rario
248 1644 339 1680 ‚,sies“
361 1646 523 1684 scripseris.
546 1660 582 1666 --
604 1647 652 1674 68.
676 1643 722 1674 Εἰ
733 1646 767 1674 R.
781 1647 883 1674 Muell.
897 1647 1022 1682 addidit,
1041 1647 1136 1685 Gepp.
1152 1646 1275 1682 „Tum“‚

153 1696 254 1725 Goetz.
282 1696 437 1731 „Hercle“.
469 1712 509 1716 —
541 1694 722 1733 Deteglefur,
752 1707 817 1725 nam
848 1698 958 1726 corium
989 1699 1073 1735 quasi
1096 1701 1208 1726 tectum
1233 1701 1278 1726 est

151 1750 244 1784 tergo.
290 1747 402 1776 Nonius
426 1758 454 1785 p.
481 1750 541 1777 278
568 1747 723 1785 „degitur“
749 1749 869 1785 legerat,
899 1749 976 1777 unde
1006 1749 1113 1777 efficit:
1152 1749 1277 1787 „degere

153 1800 198 1826 est
227 1798 415 1834 detrahere“‚
450 1800 529 1837 quod
557 1799 717 1827 defendere
749 1802 893 1828 conantur
922 1800 1069 1829 Fleckeis.
1095 1801 1171 1828 Ann.
1203 1800 1274 1838 phil.

152 1848 247 1877 CXIX
269 1859 298 1886 p.
325 1851 394 1878 767.
445 1850 505 1878 Leo
533 1851 562 1878 in
593 1850 693 1878 Herm.
716 1850 816 1878 XVIII
840 1862 869 1887 p.
894 1852 965 1880 567.
989 1867 1031 1871 -
1061 1852 1111 1880 69.
1137 1848 1278 1889 Plusque

153 1901 250 1936 amat,
287 1901 478 1929 continuatur
507 1902 603 1930 oratio
631 1901 833 1939 Thespi-ionis,
868 1913 895 1931 v.
921 1903 957 1931 ad
981 1902 1087 1940 Amph.
1115 1903 1205 1931 1136.
1236 1917 1275 1921 —

153 1952 202 1979 70.
233 1958 280 1979 me
310 1951 426 1980 addidit
455 1952 651 1980 Camerarius.
707 1952 900 1981 Octonarium
929 1953 1112 1981 trochaicum
1136 1954 1277 1982 constitui

152 2012 216 2030 cum
241 2002 372 2037 Goetzio⁷
394 2003 620 2040 proximumque
641 2003 764 2030 similem
790 2003 844 2031 feci
869 2004 971 2032 addito
994 2001 1055 2040 Ire,
1083 2004 1185 2033 Goetz.
1210 2014 1277 2042 sep-

151 2055 315 2081 tenarium:
350 2054 414 2088 „Ad
439 2054 569 2082 sodalem
593 2054 803 2082 Chaeribulum
827 2055 914 2083 iussit
936 2055 992 2083 huc
1016 2056 1046 2083 in
1068 2053 1276 2092 proxumum“.

155 2119 191 2122 —
225 2105 263 2133 73
287 2105 393 2142 scripsi
416 2108 449 2132 ut
472 2105 506 2133 R.
530 2105 665 2133 Mueller.
690 2115 719 2142 p.
746 2107 794 2133 34.
819 2120 859 2124 —
886 2106 933 2133 75.
963 2102 1016 2134 Eu
1038 2103 1159 2143 edepol,
1187 2117 1214 2134 v.
1240 2106 1277 2134 ad
