1596 2478
613 192 644 218 V.
663 193 711 218 254
722 192 806 217 -286,
1206 195 1262 224 321

144 302 181 307 -
208 288 278 316 265.
303 284 404 316 malac
427 287 539 316 Camer.
564 299 618 317 em.
649 303 684 308 —
709 289 779 317 266.
803 285 1010 326 ure-quendam,
1037 298 1076 317 sc.
1102 298 1156 324 me,
1180 299 1207 317 v.
1230 289 1267 318 ad

143 338 249 376 Amph.
270 339 318 367 22.
344 353 384 357 —
408 339 478 367 267.
506 339 572 366 Haec
597 340 727 376 respexit
751 338 853 368 Cicero
877 340 913 367 nd
938 339 1058 374 Att.11‚
1086 340 1111 374 1,
1139 340 1169 368 1:
1197 342 1269 375 „tua

144 390 195 417 illa
215 413 219 417 .
236 411 263 418 ..
285 393 369 418 erant
392 393 496 417 ornata
521 390 575 418 hoc
600 391 664 426 ipso
688 390 766 427 quod
790 393 963 419 ornamenta
987 391 1195 427 neglexerant,
1228 394 1267 426 et,

143 444 178 469 ut
203 441 352 475 mulieres,
382 440 449 469 ideo
473 441 546 469 bene
571 442 665 471 olere.
702 442 770 478 quia
796 442 865 469 nihil
892 442 1026 476 olebant,
1059 439 1267 470 videbantu1·“.

144 507 183 511 —
210 492 280 520 268.
306 489 396 527 islam
423 491 548 526 „istaec“
576 497 643 530 post
667 492 773 520 Aldum
799 493 957 528 edebatur3
983 494 1011 521 iu
1037 493 1058 521 B
1082 496 1153 532 post
1173 492 1266 529 „iste“

144 545 230 571 unius
254 543 362 571 littera:
386 553 488 571 rusum
511 546 564 571 est.
578 558 619 562 —
635 541 831 580 „imcrpolcs,
856 554 920 581 quae
943 554 974 572 se
997 545 1155 582 pigmentis
1180 546 1269 574 iuter-

144 594 246 631 polent
267 590 306 629 (v.
322 591 396 630 256)
415 597 449 622 ut
472 604 508 622 ex
531 594 638 622 vetulis
663 604 745 623 novae
769 596 853 632 quasi
877 595 983 632 puellae
1006 595 1109 625 fiant“.
1146 596 1268 626 Taubm.

145 660 185 664 —
217 646 287 673 269.
319 641 460 674 occulunt
487 645 567 674 Cam.
592 656 647 674 em.
671 645 873 682 adstipulante
905 646 1092 683 Philargyrio
1123 649 1152 676 in
1182 648 1269 685 Verg.

145 696 252 733 Georg.
277 696 326 731 IV,
352 697 400 732 39,
431 697 481 734 qui
510 697 572 725 haec
600 697 685 734 quusi
709 707 745 724 ex
768 696 898 725 Poenulo
922 697 1016 726 affert.
1052 713 1094 718 —
1129 700 1200 727 270.
1236 699 1270 728 R.

146 751 261 776 mutato
291 748 408 776 ordine:
447 748 557 783 „sudor
586 759 651 777 cum
682 750 843 783 unguentis
874 747 968 777 sese“.
1005 764 1046 769 —-
1082 750 1152 778 272.
1188 747 1274 779 olam*

146 799 289 827 Fleckeis.
315 809 369 827 em.
388 813 430 818 —
454 799 487 827 R.
511 800 605 833 „male
629 798 692 834 ut“‚
718 809 754 828 ne
778 800 875 827 hiatus
899 802 939 828 sit
961 801 991 828 in
1015 801 1145 835 diaeresi3
1171 801 1270 831 Gertz.

150 854 201 883 „ut
223 850 298 878 male
322 860 372 878 eas
395 849 506 878 olere“.
530 865 571 870 —
596 852 666 879 273.
697 847 817 878 doctius
841 850 942 886 codd.;
981 851 1144 886 „doct1ust‘⁴
1174 852 1207 881 R.
1231 868 1273 872 —

147 902 219 930 274.
260 898 376 931 Uerum
399 898 481 930 illud
502 909 569 930 csse
593 902 706 930 Gellius
729 902 794 936 XX,
827 904 853 936 6,
887 903 939 937 123
976 902 1009 930 R.
1035 903 1152 932 maluit:
1191 915 1273 940 „esse

146 951 247 981 illue“.
284 952 419 981 Mueller.
434 953 476 981 Pl.
491 953 575 981 Pros.
594 964 623 991 p.
639 955 698 982 336
720 953 839 981 dubitat
862 964 898 981 an
917 952 966 982 est
982 955 1092 983 rectius
1109 956 1273 993 scribatur3

148 1007 209 1033 tum
237 1002 304 1039 „id“
332 1004 508 1033 addendum.
535 1020 574 1024 —-
599 1002 690 1039 adeo,
722 1015 749 1033 v.
774 1004 809 1032 ud
835 1005 942 1042 Amph.
969 1006 1039 1034 671.
1084 1006 1271 1043 uostrmum,

147 1056 186 1084 ib.
205 1057 233 1084 4.
257 1071 297 1075 —
322 1057 392 1084 275.
417 1056 603 1091 meruerunt,
629 1059 849 1094 compararunt.
876 1070 912 1075 —
940 1057 1010 1084 276.
1035 1064 1083 1086 me
1105 1058 1173 1086 add.
1193 1058 1273 1088 Cam.

150 1107 205 1135 Pro
228 1105 300 1136 leaeo
322 1106 454 1135 Studem.
480 1106 565 1135 stud.
590 1107 604 1135 Ι
627 1118 655 1145 p.
684 1108 742 1136 167
767 1107 883 1135 mavult
909 1105 999 1142 „sic“.
1031 1123 1070 1126 —
1100 1109 1170 1138 277.
1195 1107 1276 1139 istuc

148 1165 256 1187 curare
280 1158 314 1187 R.
339 1173 379 1177 —
406 1159 476 1186 278.
501 1158 602 1194 Immo,
627 1159 790 1197 respondet
815 1159 932 1193 ancilla,
956 1158 1136 1188 Philolachis
1159 1164 1214 1196 est,
1239 1171 1275 1189 ne

149 1210 221 1247 quid
257 1213 342 1244 emat,
378 1210 458 1246 quod
493 1213 523 1238 te
552 1220 610 1238 non
640 1210 757 1244 deceat,
793 1214 882 1247 atque
917 1209 992 1238 adeo
1022 1210 1101 1248 quod
1131 1211 1187 1240 tibi
1216 1222 1275 1241 non

149 1261 275 1299 placeat.
326 1260 398 1288 Ideo
421 1261 475 1289 tibi
500 1261 579 1289 dona
600 1263 732 1299 pretiosa
756 1261 816 1296 dat,
847 1265 880 1289 ut
902 1261 958 1289 tibi
982 1262 1107 1298 placeat,
1132 1264 1225 1300 tuque
1249 1265 1276 1292 ei

152 1313 299 1349 morigera
322 1313 370 1340 sis.
428 1311 493 1341 Non
522 1323 598 1350 opus
627 1316 671 1340 est
695 1313 801 1350 igitur,
832 1315 866 1340 ut
890 1312 950 1341 haec
974 1313 1000 1340 ei
1024 1313 1176 1349 ostendas,
1212 1325 1277 1352 quae

151 1365 207 1391 iam
226 1373 279 1392 sua
298 1373 361 1392 esse
380 1364 486 1392 noluit.
529 1363 624 1392 Locus
642 1374 731 1392 sanus
749 1367 803 1398 est,
829 1364 962 1401 quamvis
981 1364 1095 1392 lacunis
1113 1367 1143 1392 et
1161 1365 1277 1394 addita-

153 1416 259 1443 mentis
283 1418 456 1452 corruptum
480 1417 651 1452 putaverint
677 1415 787 1443 Ritsch.
813 1415 918 1443 Philol.
938 1416 951 1443 I
974 1425 1003 1453 p.
1024 1416 1082 1444 311
1103 1419 1133 1444 et
1150 1416 1276 1445 Lorenz.

154 1481 192 1485 --
217 1467 287 1494 279.
318 1473 430 1498 mores.
454 1467 490 1495 cf.
519 1467 587 1495 164.
628 1466 735 1494 Pseud.
761 1467 810 1494 64.
843 1481 880 1485 —
914 1467 984 1495 280.
1015 1463 1051 1494 id
1073 1464 1102 1495 ei
1123 1471 1278 1505 praeeunte

152 1517 262 1554 Pylade
282 1517 395 1546 Ritsch.
415 1533 456 1537 —
480 1518 550 1546 281.
576 1518 687 1546 Ritsch.
712 1518 882 1556 superiores
906 1521 1024 1546 secutus
1049 1518 1094 1547 ed.
1123 1519 1279 1557 „Purpura

152 1572 233 1598 netas
257 1569 479 1598 occultandast:
504 1579 607 1597 aurum
626 1572 745 1607 tui-pest
764 1567 912 1604 mulieri“,
938 1579 1063 1606 quorum
1082 1570 1182 1607 priora
1200 1574 1280 1599 recte

155 1620 302 1655 dicuntur,
327 1621 497 1658 posteriora
521 1631 609 1658 quum
634 1630 688 1658 per
711 1631 742 1649 se
765 1624 827 1648 tum
852 1620 907 1649 hoc
931 1621 995 1649 loco
1014 1631 1163 1658 perverse.
1198 1621 1280 1659 Bug-

152 1673 218 1709 gius
240 1681 358 1700 sensum
382 1672 516 1700 restituit
544 1673 692 1700 scribens:
731 1671 887 1709 „Purpura
915 1673 1008 1700 aetati
1037 1673 1228 1701 occultandae
1252 1676 1282 1702 et

154 1733 258 1751 aurum
287 1723 369 1760 turpi
398 1723 575 1752 mulierist‘⁴.
633 1724 704 1758 Quae
734 1733 798 1751 oum
830 1723 933 1752 durius
957 1723 1108 1757 dicautur,
1144 1725 1281 1762 equidem

153 1775 280 1803 tentavi:
318 1771 467 1811 Purpura
495 1772 592 1803 aetati
615 1771 812 1803 occultandae
835 1773 885 1803 est
904 1774 1014 1803 natum
1038 1772 1123 1812 turpi
1145 1773 1281 1812 mulieri,

155 1826 191 1854 cf.
217 1825 298 1854 Pers.
323 1827 394 1854 427.
432 1826 530 1854 Madv.
551 1826 600 1855 Gr.
623 1827 694 1855 415.
730 1826 872 1855 Lorenz.:
900 1826 1058 1864 „Purpura
1081 1829 1162 1855 aetas
1186 1827 1283 1856 occul-

155 1877 245 1905 tanda
270 1879 300 1905 et
323 1887 396 1905 auro
419 1877 502 1914 turpi
525 1876 701 1906 mulierist“.
733 1893 772 1897 —
803 1878 958 1906 283-84.
988 1877 1097 1906 Versus
1121 1888 1137 1906 a
1160 1878 1283 1917 Scaphae

156 1929 276 1966 ingenio
299 1929 418 1957 omnino
442 1929 554 1958 alienos
578 1930 644 1958 iure
668 1929 821 1957 damnavit
845 1929 956 1957 Ritsch.
1002 1929 1035 1957 In
1054 1930 1153 1966 priore
1175 1929 1284 1965 „Poste

157 1978 356 2018 nequiquam‘⁸
383 1979 491 2015 edidit;
526 1981 556 2008 in
586 1980 682 2008 altero
707 1981 870 2009 Saracenus
893 1977 1045 2009 collinunt
1067 1991 1122 2009 em.
1150 1995 1185 1999 —
1213 1982 1284 2009 285.

157 2029 187 2060 Si
210 2041 264 2068 pro
292 2030 386 2066 „nisi“
413 2031 491 2060 Cam.
517 2042 573 2060 em.
617 2039 745 2060 manum
769 2031 814 2059 ed.
840 2041 884 2069 pr.

246 2084 316 2112 286.
351 2082 550 2119 progreditur
572 2083 760 2111 Philolaches
791 2086 819 2110 et
850 2082 988 2111 mulieres
1013 2082 1185 2120 alloquitur.
1231 2080 1286 2111 diu

159 2138 331 2172 corruptum
355 2138 416 2169 θεῖς
451 2134 577 2171 Pylades
611 2137 690 2169 „tam
715 2132 783 2162 diu‘*
811 2134 943 2171 scripsit,
976 2133 1055 2162 Cam.
1083 2144 1154 2170 „uos
1179 2132 1285 2170 duae“,

1048 2191 1078 2216 21
