1596 2478
320 235 360 264 78
787 231 874 257 Plauti
894 230 999 257 Casina
1273 231 1304 261 V,
1324 233 1434 264 5,-1-—7

860 322 890 354 Ω

321 380 537 421 spectatores.
561 380 648 420 quod
672 379 817 410 futurum
841 385 890 410 est
912 381 1008 417 intus,
1031 380 1063 410 id
1087 380 1346 412 memorabimus.

321 434 408 466 Haec
432 433 552 466 Casina
573 433 668 465 huius
691 433 875 474 reperietur
897 433 965 464 filia
987 443 1058 465 esse
1083 444 1120 465 ex
1146 444 1311 474 proxumo,

323 488 432 529 anue
456 488 558 519 nubet
581 487 762 527 Euthynico
787 491 897 519 nostro
921 487 993 519 erili
1016 487 1090 518 fflio.

321 541 414 573 Nunc
436 552 495 573 uos
519 552 657 582 aequom
681 545 732 573 est
754 541 902 573 manibus
926 542 1049 573 meritis
1078 542 1225 573 meritam
1256 541 1433 574 mercedem

1031 595 1119 627 dare.
1384 604 1436 630 935

321 650 383 688 Qui
407 650 496 687 faxit,
519 649 601 681 clam
624 660 755 681 uxorem
780 649 878 681 ducet
902 660 1028 690 semper
1052 654 1204 684 scortum.
1227 649 1312 691 quod
1335 649 1432 681 uolet.

321 703 441 735 Uerum
465 705 520 744 qui
543 714 606 735 non
631 704 778 735 manibus
801 703 896 742 clare,
920 699 1078 744 quantum
1103 705 1232 744 poterit,
1258 704 1423 744 plauserit,

323 758 359 789 Ei
384 768 442 798 pro
466 763 573 789 scorto
596 758 796 798 subponetur
817 757 928 790 hircus
951 763 1068 790 unctus
1090 763 1219 789 nautea.

406 886 456 911 932
474 894 536 919 quae
555 885 634 913 fucus
651 885 760 912 omissis
778 885 889 919 reliquis
907 885 943 918 B⁷
964 885 1116 912 futurumst
1135 886 1209 912 intus
1228 889 1270 912 eet
1289 886 1313 912 A

325 929 397 954 intro
416 928 446 954 Ε
496 928 524 954 id
543 937 592 955 om.
612 929 631 955 I
711 929 924 955 memorauimus
942 928 972 955 E
1046 930 1096 955 933
1115 928 1154 954 Ea
1173 938 1234 962 quae
1254 928 1280 955 Β
1350 929 1436 955 nubet

323 976 350 996 to
370 975 400 996 ut
418 971 518 1004 hynico
584 972 634 997 936
651 971 729 997 flexit
747 969 804 997 BE
863 971 946 997 ducat
966 971 1038 997 BIE
1104 971 1165 997 uole
1184 971 1241 998 ΒΕ
1304 972 1355 998 937
1373 980 1436 1005 quoe

389 1013 454 1040 dare
474 1014 491 1039 Ι
547 1013 605 1047 plus
625 1015 675 1039 erit
696 1013 752 1040 BE
807 1014 857 1039 938
875 1014 948 1039 ircus
968 1014 991 1039 A
1055 1015 1144 1040 uictus
1163 1014 1192 1040 E
1245 1023 1346 1040 nausea
1365 1013 1437 1040 BIE
