1596 2478
314 177 374 206 210
827 174 915 200 maun·
1225 175 1259 206 V„
1281 176 1304 206 1,
1323 175 1424 201 25—48

774 268 958 301 Matrona

311 323 399 362 Quas
424 324 573 355 fabulas?
617 323 698 356 Non.
722 324 864 364 inquam,
889 324 997 364 patiar
1019 323 1218 364 praeterhac.

311 378 395 416 Quin
420 377 521 409 uidua
544 378 662 413 uiuam,
687 387 784 418 quam
807 381 882 409 tuos
907 388 1012 409 mores
1037 377 1206 418 perferam.

727 453 1007 486 Menaechmus

311 509 385 540 Mea
408 508 538 550 quidem
562 507 671 539 hercle
694 518 794 539 causa
817 508 917 540 uidua
940 509 1044 540 uiuito
1373 518 1423 542 '715

311 562 370 594 Uel
394 572 498 603 usque
521 562 595 593 dum
620 572 754 601 regnum
779 562 940 603 optinebit
962 561 1117 603 Iuppiter.

775 638 958 671 Matrona

311 693 404 725 Hanc
428 692 506 725 mihi
529 693 672 732 negabas
695 692 815 724 dudum
840 693 1043 733 surrupuisse
1067 697 1113 732 te3

310 747 404 780 Nunc
427 747 562 779 eandem
586 750 662 779 ante
686 747 798 778 oculos
821 746 960 779 adtines.
1005 747 1075 779 Non
1099 751 1132 778 te
1156 747 1278 788 pudet?

727 823 1007 856 Menaechmus

311 879 360 910 Eu
384 879 502 913 hercle.
527 879 651 914 mulier,
676 878 811 909 multum
835 882 867 909 et
890 878 998 909 audax
1022 882 1054 909 et
1078 878 1163 909 mala
1187 889 1228 909 es.

311 933 381 964 Tun
404 933 464 964 tibi
487 932 572 964 hanc
595 936 781 973 surruptam
805 932 913 964 dicere
937 932 1046 965 audes.
1073 943 1169 973 quam
1194 932 1270 964 mihi
1374 941 1426 966 Ι720

312 987 409 1018 Dedit
431 987 498 1018 alia
520 987 644 1025 mulier,
667 991 703 1018 ut
726 986 984 1017 concinnandam
1008 986 1142 1018 darem?

773 1063 959 1094 Matrona

312 1118 359 1150 Ne
383 1119 467 1150 istuc
490 1121 650 1149 mecastor
675 1135 711 1140 —
735 1118 805 1149 Iam
829 1121 954 1157 patrem
979 1126 1139 1148 arcessam
1165 1128 1268 1149 meum

312 1173 417 1213 Atque
441 1172 469 1203 ei
494 1172 633 1203 narrabo
657 1175 714 1203 tua
736 1171 871 1211 flagitia,
895 1182 979 1212 quae
1002 1170 1090 1202 facis.

312 1227 335 1263 Ι,
362 1227 472 1261 Decto,
496 1236 616 1267 quaese
640 1236 744 1257 meum
769 1230 905 1266 patrem,
928 1229 1034 1257 tecum
1059 1226 1155 1257 simul

314 1281 357 1313 Ut
380 1282 492 1312 ueniat
515 1280 555 1311 ad
581 1290 646 1318 n1e3
669 1280 717 1311 ita
739 1290 805 1310 rem
830 1281 935 1310 natam
959 1291 1028 1312 esse
1052 1280 1160 1311 dicito.
1185 1298 1225 1302 —
1378 1288 1428 1313 '725

314 1335 382 1367 Iam
405 1345 463 1375 ego
487 1334 632 1375 aperiam
655 1334 756 1365 istaec
778 1338 837 1365 tua
860 1333 992 1373 flagitia.

730 1410 1011 1442 Menaechmus

1028 1463 1135 1496 Sanan
1161 1465 1217 1496 es?

316 1507 408 1545 Quae
432 1518 503 1538 mea
526 1507 670 1547 flagitia?

777 1567 962 1598 Matrona

713 1621 789 1652 Non
812 1621 933 1661 pallam
957 1624 1055 1661 atque
1079 1631 1192 1652 aurum
1217 1631 1321 1651 meum

316 1675 418 1706 Domo
441 1675 586 1715 suppilas
609 1677 640 1705 tu
665 1678 741 1706 tuae
764 1676 854 1706 uxori
880 1679 912 1706 et
935 1679 1011 1706 tuae

317 1729 450 1769 Degeris
474 1729 620 1760 amicae?
665 1728 755 1760 Satin
781 1728 863 1760 haec
886 1733 974 1760 recte
997 1728 1147 1759 fabulor?

735 1799 1011 1831 Menaechmus

317 1853 445 1892 Quaeso
468 1853 586 1888 hercle,
610 1853 734 1891 mulier,
760 1854 786 1885 si
811 1854 883 1886 scis.
909 1857 1064 1885 monstra.
1089 1854 1174 1894 quod
1200 1853 1318 1888 bibam.
1379 1863 1430 1888 730

316 1907 419 1938 Tuam
443 1908 497 1947 qui
522 1908 641 1947 possim
665 1908 791 1948 perpeti
816 1907 1039 1948 petulantiam.

385 2028 433 2051 717
452 2028 490 2052 At
567 2028 617 2052 718
635 2026 731 2052 eadem
809 2027 859 2051 719
878 2026 936 2051 Heu
1012 2027 1099 2051 males
1118 2025 1143 2051 Β
1221 2028 1270 2052 722
1288 2034 1427 2053 accersam

317 2070 368 2095 723
386 2072 470 2101 atque
489 2069 623 2095 enarrabo
643 2069 665 2095 C
719 2070 769 2095 '724
787 2069 821 2094 Ei
841 2070 926 2094 «noceo
945 2077 1029 2101 quare
1091 2069 1140 2094 725
1159 2071 1252 2094 natam
1271 2077 1320 2095 om.
1379 2070 1429 2094 726

319 2112 371 2137 ista
388 2111 438 2136 hoc
459 2111 486 2136 B
555 2114 605 2138 727
624 2112 685 2138 Nou
703 2120 752 2138 om.
824 2113 874 2136 72³
892 2114 921 2136 tu
939 2119 989 2136 om.
