1596 2478
152 191 199 221 IV.
218 193 241 223 2,
261 192 362 218 35—43
616 194 794 222 Mostellaria.
1216 199 1275 229 135

600 287 828 321 Phaniscus

152 339 220 371 Non
246 340 297 371 hic
323 340 527 372 Philolaches
550 340 744 373 adulescens
768 342 899 374 habitat
923 344 1010 375 hisce
1034 345 1065 375 in
1091 344 1253 376 aedibus?

560 417 866 458 Theopropides

153 469 335 506 Habitauist
360 481 468 502 uerum
493 471 661 510 e-nrigyram't
679 472 802 511 pridem
825 472 876 504 ille
898 483 937 504 ew
960 473 1049 505 hisce
1073 474 1221 506 aedibus.

575 547 688 579 Alter
709 558 847 581 seruos

150 600 254 632 Senex
277 600 330 632 hic
353 600 572 633 elleborosust
595 605 692 634 certe.

592 678 615 709 P
624 678 645 710 h
653 689 673 710 a
680 689 700 710 n
709 679 718 710 i
728 690 742 710 s
751 690 768 710 c
776 690 796 710 u
807 690 822 711 s

734 733 836 765 Erras
859 745 1022 774 peruerse„
1046 738 1155 775 pater3

148 785 230 817 Nam
254 786 317 817 uisi
342 786 417 817 hinc
440 786 537 818 hodie
561 787 735 826 emigrauit
758 791 815 819 aut
838 787 916 827 heri,
941 792 1030 820 certo
1056 790 1124 820 seio
1224 798 1274 823 935

148 839 210 871 Hic
233 839 392 872 habitare.

553 901 862 942 Theopropides

345 953 428 991 Quin
453 966 508 986 sex
532 956 652 987 mensis
674 956 739 986 iam
763 955 816 986 hie
839 966 933 987 nemo
958 955 1095 988 habitat.

569 1032 682 1063 Alter
705 1042 844 1064 seruos

1110 1084 1270 1117 Somnias.

556 1145 864 1186 Theopropides

148 1187 280 1227 Egone?

574 1247 686 1279 Alter
707 1257 847 1280 seruos

323 1290 381 1321 Tu.

566 1350 855 1390 Theopropides

416 1403 464 1435 Tu
486 1414 527 1435 ne
552 1404 728 1436 molestu's.
775 1405 850 1436 Sine
874 1415 924 1435 me
949 1415 1021 1435 eum
1046 1414 1147 1444 puero
1171 1403 1272 1444 loqui.

147 1457 249 1490 Nemo
272 1458 412 1490 habitat.

597 1517 823 1550 Phaniscus

426 1571 564 1603 Habitat
588 1572 752 1612 profecto;
776 1583 850 1604 uam
874 1572 942 1604 heri
968 1576 1001 1603 et
1024 1572 1274 1609 nudiustertius,

146 1626 296 1664 Quartus,
320 1626 466 1666 quintus⁷
490 1629 610 1664 sextus,
636 1635 738 1665 usque
758 1630 933 1666 postquam
952 1625 1026 1657 hinc
1045 1636 1180 1666 peregre
1201 1625 1271 1656 eius

865 1684 961 1720 pater

146 1733 243 1772 Abiit,
270 1744 447 1773 numquam
466 1734 519 1764 hic
537 1733 684 1765 triduum
703 1744 802 1765 unum
823 1735 962 1765 desitum
982 1737 1031 1764 est
1051 1734 1205 1773 potarier.
1225 1741 1276 1766 940

147 1852 173 1890 Q
202 1853 231 1884 ‚d
280 1854 285 1858 ι
318 1853 332 1876 9
556 1810 867 1851 Theopropides

176 1864 209 1884 ui
256 1863 326 1884 ais.

215 1956 265 1981 932
285 1954 355 1980 Nam
375 1954 401 1980 B
470 1954 632 1981 hiscedibus
651 1955 685 1987 Β,
705 1955 862 1981 histedibus
883 1955 905 1981 G
967 1955 1017 1980 933
1039 1953 1091 1979 Bc
1107 1960 1157 1979 om.
1224 1954 1276 1979 934

146 1998 313 2024 cerebrosus
333 2000 375 2023 est
387 1997 439 2023 BC
490 1998 559 2023 certi
582 2006 642 2023 eras
654 1997 675 2023 C
726 1999 777 2023 935
796 1998 840 2023 hic
851 1996 901 2023 BC
953 1997 1004 2022 937
1023 1996 1121 2029 Egone
1141 1999 1172 2021 tu
1190 2000 1221 2021 tu
1240 2005 1274 2021 ne

145 2041 197 2066 938
215 2040 340 2066 habitat.
354 2042 385 2067 A.
405 2041 422 2065 h
434 2040 506 2065 ..ita
518 2060 521 2063 .
534 2040 568 2071 B,
588 2040 696 2066 habitat
715 2040 791 2078 haee¹
803 2043 845 2066 tat
864 2040 885 2066 C
942 2041 980 2066 eri
1045 2042 1236 2068 nudustertius
1256 2041 1277 2067 C

146 2084 196 2109 939
214 2083 341 2116 peregrei
362 2083 420 2109 eius
439 2083 465 2108 A
524 2084 576 2108 940
594 2083 691 2108 Habiit
709 2082 760 2109 BG
813 2092 927 2108 munum
989 2083 1038 2109 des
1056 2104 1063 2110 ,
1075 2104 1080 2109 .
1094 2105 1098 2108 .
1110 2101 1115 2108 .
1129 2104 1131 2107 .
1144 2104 1150 2109 .
1168 2092 1228 2110 esse
1247 2086 1275 2109 et

146 2125 249 2151 bibisse
264 2125 296 2158 Β,
316 2125 437 2151 desitum
457 2134 515 2151 esse
534 2128 563 2151 et
583 2125 640 2151 bibi
659 2129 702 2151 est
723 2126 745 2152 O
811 2126 859 2151 941
881 2126 940 2158 agis
