1596 2478
155 180 192 213 V,·
205 181 228 211 9.
249 180 349 207 35-48
622 180 805 206 Menaechmi.
1216 182 1276 211 235

614 274 818 306 Messenio

671 328 782 369 Spero.

540 405 821 437 Menaechmus
846 405 879 436 II

823 459 863 491 Et
888 471 947 497 ego
971 459 1056 491 idem
1080 469 1175 501 spero
1198 458 1277 491 fore.

615 527 818 559 Messenio

157 583 254 624 [Quid
278 583 326 614 ais
350 582 406 614 tu?
441 581 696 614 Menaechmum.
722 583 845 622 opinor,
872 588 903 614 te
921 583 1031 615 uocari
1054 582 1192 614 dixeras.
1214 591 1279 616 1075

554 652 840 684 Menaechmus
864 653 878 684 1

155 698 204 730 Ita
228 708 314 729 uero.

614 754 815 786 Blessenio

360 810 444 842 Huic
466 810 544 847 item
568 809 782 841 Menaechmo
807 820 922 841 nomen
947 814 1005 842 est.
1053 811 1089 842 In
1113 810 1225 843 Sicilia

154 865 200 897 Te
223 865 390 907 Syracusis
415 867 528 896 natum
553 874 624 895 esse
649 863 748 902 dixti3
773 868 805 895 et
829 864 882 895 hic
906 868 1020 896 natust
1043 864 1097 896 ibi.

156 919 326 952 Moschum
350 918 410 950 tibi
434 921 560 959 patrem
584 918 684 949 fuisse
709 918 837 957 dixisti3
860 919 936 950 huic
961 919 1074 950 itidem
1099 917 1182 958 fuit]

156 974 248 1006 Nunc
272 984 404 1014 operam
428 973 565 1014 potestis
589 972 685 1004 ambo
709 972 787 1003 mihi
814 972 892 1005 dare
915 977 948 1005 et
970 972 1066 1005 uobis
1089 972 1194 1004 simul.

556 1049 841 1081 Menaechmus
864 1049 879 1080 I

155 1105 377 1140 Promeruisti,
402 1107 438 1135 ut
455 1114 495 1135 ne
514 1103 592 1144 quid
611 1114 695 1141 ores,
715 1103 803 1143 quod
821 1103 913 1141 uelis,
933 1104 1011 1145 quin
1032 1105 1188 1145 inpetres.
1214 1112 1282 1138 1080

154 1159 333 1200 Tamquam
357 1159 384 1190 si
409 1158 526 1190 emeris
549 1167 600 1189 me
625 1161 771 1197 argento,
796 1157 880 1189 liber
904 1158 1036 1190 seruibo
1059 1159 1129 1190 tibi.

615 1225 819 1258 Messenio

157 1281 238 1322 Spes
262 1281 340 1313 mihi
364 1285 424 1320 est,
449 1291 506 1313 uos
529 1281 741 1312 inuenturum
765 1280 885 1312 fratres
909 1291 1083 1319 germanos
1108 1281 1189 1313 duos

156 1336 320 1374 Geminos,
343 1346 409 1367 una
432 1339 536 1367 matre
560 1339 655 1367 natos
680 1339 712 1367 et
736 1339 830 1375 patre
854 1346 929 1373 uno,
953 1346 1018 1367 uno
1042 1336 1103 1367 die.

558 1403 841 1435 Menaechmus
865 1403 879 1435 Ι

156 1458 240 1490 Mira
264 1468 434 1490 memoras.
480 1457 612 1490 Utinam
638 1457 774 1495 efficere,
798 1458 887 1499 quod
912 1457 1095 1499 pollicitu's‚
1119 1459 1243 1499 possies
1254 1459 1259 1489 ἶ

617 1526 649 1557 Μ
658 1537 674 1558 e
683 1537 697 1558 s
706 1537 720 1558 s
729 1537 745 1558 e
753 1537 772 1558 n
781 1527 790 1558 i
801 1538 819 1559 o

156 1580 303 1613 Possum.
328 1579 392 1612 Sed
411 1590 496 1612 nunc
514 1581 611 1621 agite,
630 1584 766 1620 uterque
787 1580 829 1620 id,
843 1581 930 1621 quod
943 1581 1075 1621 rogabo,
1089 1580 1197 1612 dicite.
1214 1589 1280 1614 1085

559 1651 840 1684 Menaechmus
864 1652 880 1683 Ι

158 1706 220 1738 Ubi
244 1705 346 1743 lubet,
369 1716 463 1746 roga;
486 1706 705 1746 respondeb0;
730 1707 812 1738 nihil
834 1706 990 1742 reticebo,
1014 1706 1102 1747 quod
1126 1707 1238 1737 sciam.

618 1778 650 1809 M
659 1788 675 1808 e
685 1788 698 1809 s
707 1788 721 1809 s
730 1789 746 1809 e
755 1778 820 1809 nio

157 1831 216 1863 Est
239 1831 298 1863 tibi
323 1841 441 1863 nomen
465 1831 679 1864 Menaechmo
689 1832 704 1863 ἶ)

228 1951 292 1976 1074
311 1958 370 1976 esse
388 1958 480 1983 spem.
499 1950 581 1976 MES.
604 1953 631 1976 et
651 1950 672 1977 C
753 1952 818 1976 1075
837 1949 908 1982 Quid
927 1951 985 1983 agis
1005 1949 1032 1976 B
1115 1950 1178 1975 1076
1198 1949 1279 1975 MES.

156 2001 206 2020 om.
260 1992 355 2026 sycilia
375 1992 397 2019 C
450 1994 514 2018 1077
533 1993 625 2019 dixisti
645 1993 689 2019 hic
745 1996 825 2018 natus
846 1993 867 2019 C
923 1994 987 2019 1078
1007 1993 1077 2018 dixit
1131 1991 1242 2018 ittidem
1265 1991 1288 2018 C

159 2036 225 2062 1080
242 2043 332 2069 neque
351 2036 418 2069 quid
437 2043 499 2061 ores
519 2036 585 2069 quid
606 2035 629 2062 0¹
711 2036 774 2061 1031
797 2035 947 2069 Tamquasi
968 2044 1011 2062 me
1031 2036 1132 2061 emeris
1219 2036 1285 2061 1052

158 2078 239 2105 MES.
258 2086 307 2105 om.
369 2078 535 2104 inuenturos
600 2080 665 2105 1083
685 2083 767 2105 notos
788 2078 810 2105 C
873 2080 937 2104 1084
956 2086 1094 2104 memores
1114 2077 1136 2105 C
1193 2078 1284 2111 possis

160 2122 225 2147 1085
243 2121 337 2154 cogite
356 2120 383 2147 Β
453 2121 540 2154 iquod
560 2120 582 2147 0
653 2122 717 2147 1037
736 2121 910 2147 menechimo
932 2120 953 2147 C
