1596 2478
303 209 342 238 20
814 206 901 232 Plauti
1221 206 1255 238 11v
1274 207 1298 238 3,
1317 207 1418 233 36-49

303 300 406 341 Super
429 301 548 332 ancilla
572 301 699 333 Casina.
725 304 759 332 ut
784 300 878 332 detur
901 304 1037 341 nuptum
1060 304 1172 332 nostro
1197 301 1303 337 nilico,

302 354 404 386 Seruo
422 355 516 395 frugi.
541 359 638 395 atque
658 354 711 385 ubi
732 354 777 386 illi
796 354 878 386 bene
897 355 947 391 sit,
970 354 1068 394 liguo.
1092 364 1179 396 aqua
1196 355 1312 393 calida,
1332 355 1414 391 cibo,

303 407 521 441 Uestinientis.
545 408 664 449 ubique
689 409 807 440 educat
832 419 958 448 pueros.
983 419 1065 448 quos
1090 409 1206 448 pariat,
1231 408 1312 445 bene,
1367 417 1417 443 2³6

301 461 404 499 Quam
428 462 472 493 illi
492 473 586 494 seruo
606 473 744 503 nequam
765 462 832 498 des,
851 463 1010 501 armigero
1035 461 1126 492 nihili
1146 468 1244 502 atque
1269 462 1415 503 inprobo,

301 515 383 553 Quoi
407 516 526 548 homini
552 516 647 548 hodie
673 515 777 557 peculi
802 527 952 547 nummus
975 526 1037 546 nou
1063 520 1114 546 est
1137 515 1315 556 plumbeus.

739 583 978 615 Cleostrata

300 639 415 670 Mirum
440 643 578 676 ecastor,
604 643 635 670 te
660 643 793 670 senecta
816 642 924 669 aetate
949 637 1090 669 officium
1114 641 1205 669 tuum

298 692 371 725 Non
395 693 588 724 meminisse.

737 751 976 792 Lysidamus

547 805 631 843 Quid
655 806 746 837 iam?

737 882 977 914 Cleostrata

685 936 776 974 Quia,
801 937 826 967 si
852 936 953 968 facias
977 939 1064 967 recte
1088 940 1145 967 aut
1168 937 1344 972 commode„
1364 946 1414 971 240

299 992 349 1024 Me
374 993 462 1023 siuas
486 1002 601 1023 curare
626 991 770 1025 ancillas,
795 1001 878 1030 quae
905 1000 975 1022 mea
999 994 1048 1021 est
1072 991 1208 1021 curatio.

736 1067 970 1108 Lysidamus

297 1124 369 1162 Qui,
392 1123 522 1161 malum,
546 1123 667 1154 homini
692 1121 887 1161 scutigerulo
911 1122 988 1153 dare
1013 1121 1124 1153 lubet?

736 1188 975 1222 Cleostrata

1162 1232 1246 1271 Quia
1269 1232 1334 1264 filio

297 1276 363 1308 Nos
387 1281 518 1318 oportet
540 1276 693 1317 opitulari
717 1276 821 1307 unico.

735 1355 972 1397 Lysidamus

862 1410 903 1440 At
927 1419 1122 1450 quamquam
1149 1409 1289 1447 unicust,

296 1465 404 1496 Nihilo
427 1465 530 1504 magis
555 1465 609 1495 ille
633 1465 760 1495 unicust
786 1463 861 1494 mihi
885 1463 969 1494 filius
993 1474 1089 1504 quam
1116 1473 1173 1503 ego
1198 1463 1243 1494 illi
1268 1467 1370 1504 pater.

297 1519 389 1550 lllum
409 1519 484 1549 mihi
503 1519 665 1558 aequiust.
683 1528 778 1558 quam
802 1528 850 1548 me
870 1517 926 1554 illi,
945 1528 1028 1558 quae
1047 1517 1130 1555 uolo,
1149 1517 1335 1549 concedere.
1360 1526 1410 1551 245

733 1593 972 1626 Cleostrata

293 1650 340 1681 Tu
364 1653 492 1681 ecastor
510 1649 578 1685 tibi,
602 1649 706 1686 homo,
731 1648 845 1679 malam
865 1659 931 1679 rem
957 1649 1101 1689 quaeris3
1127 1647 1268 1686 subolet;
1294 1648 1407 1679 sentio.

728 1728 968 1769 Lysidamus

294 1783 428 1823 Egone?

732 1834 968 1868 Cleostrata

376 1889 432 1921 Tu.
479 1890 559 1921 Nam
584 1890 660 1931 quid
687 1891 853 1930 l'riguttis‘?
876 1890 953 1931 quid
974 1891 1055 1921 istuc
1073 1895 1139 1921 tam
1158 1889 1274 1930 cupide
1292 1889 1405 1930 cupis?

375 2017 424 2041 236
443 2017 512 2042 hene
532 2026 582 2042 om.
707 2019 756 2043 237
776 2017 870 2043 Potius
890 2026 970 2050 quarn
1093 2018 1231 2050 armigero
1251 2017 1302 2042 uisi
1322 2020 1404 2050 utque

290 2058 340 2083 283
359 2059 473 2091 plulwus
494 2059 511 2084 1
602 2061 652 2085 240
670 2063 744 2085 certe
836 2064 864 2085 et
884 2059 928 2085 ΙΕ
1016 2061 1063 2086 241
1085 2059 1187 2086 Curan-
1207 2068 1249 2085 me
1268 2061 1342 2085 sinas
1362 2058 1407 2084 ΙΕ

290 2102 339 2126 242
358 2101 430 2126 iulwt
455 2101 482 2127 E
579 2102 646 2134 Quia
666 2103 736 2127 enim
757 2102 813 2127 filiu
905 2104 955 2128 243
975 2102 1072 2128 unicus
1091 2105 1133 2127 est
1238 2103 1287 2127 244
1307 2102 1402 2127 unicus

289 2148 330 2168 est
350 2144 393 2169 ille
484 2146 533 2168 245
552 2145 647 2177 nquius
668 2149 709 2170 est
729 2144 762 2175 B,
784 2154 869 2178 equus
889 2151 927 2170 osi
950 2146 971 2169 C
1056 2146 1105 2170 247
1125 2145 1204 2177 Egon
1225 2144 1282 2170 BE
