1596 2478
155 186 187 218 V,
206 188 228 220 2,
248 188 349 214 57—99
627 186 808 212 Menaechmi.
1210 188 1271 216 217

157 324 222 357 Uae
246 325 346 365 capiti
369 326 442 356 tuo!
650 282 670 312 b
679 291 695 312 e
703 292 723 312 n
732 292 748 312 e
756 292 775 312 x

568 384 853 416 Menaechmus

481 438 572 476 Ecce,
597 438 713 479 Apollo
737 438 815 469 mihi
840 448 878 468 ex
902 437 1036 469 oraculo
1059 437 1197 477 inperat,

155 493 198 524 Ut
221 503 278 533 ego
302 492 349 523 illi
374 492 485 524 oculos
510 503 643 524 exuram
668 491 875 532 lampadibus
899 491 1100 523 ardentibus.

620 569 650 600 M
659 572 722 601 atr
729 579 746 600 o
755 580 773 599 n
783 579 802 600 a

154 623 249 661 Perii,
275 624 317 655 mi
341 626 451 665 pater3
474 624 616 655 minatur
640 623 716 654 mihi
741 622 855 654 oculos
879 633 1024 654 exurere.

645 699 772 731 Senex

153 743 244 781 Filia,
268 743 358 774 heus.

620 802 802 834 ΙΙΙαέι-οηα

280 856 365 894 Quid
389 858 463 888 est?
502 856 584 894 Quid
609 857 760 898 agimus?

645 916 672 948 S
678 926 771 947 enez

638 970 733 1010 Quid,
757 971 782 1002 si
807 981 865 1010 ego
890 970 954 1001 huc
977 980 1090 1001 seruos
1114 970 1200 1001 cito'?
1219 978 1270 1003 830

151 1025 218 1061 Ibo,
243 1025 415 1063 adducam,
440 1026 495 1066 qui
519 1025 606 1056 huuc
629 1025 704 1056 hinc
726 1024 846 1056 tollant
869 1028 902 1055 et
925 1023 1011 1056 domi
1036 1024 1236 1062 deuinciaut,

151 1080 344 1120 Priusquam
368 1079 537 1111 turbarum
561 1079 638 1119 quid
662 1078 762 1110 faciat
785 1078 936 1120 amplius.

571 1149 844 1182 Menaechmus

897 1194 990 1225 Enim
1008 1191 1189 1231 periculam&
1212 1194 1268 1223 est.

150 1248 191 1280 Ni
221 1258 343 1289 occupo
372 1248 505 1289 aliquod
534 1247 612 1280 mihi
644 1248 830 1287 eonsilium⁷
865 1248 899 1279 hi
929 1247 1060 1279 domum
1089 1257 1139 1278 me
1171 1246 1213 1278 ad
1237 1256 1271 1277 se

866 1302 1024 1334 auferent.
1049 1318 1089 1323 —

151 1357 272 1397 Pugnis
295 1367 345 1388 me
369 1360 466 1388 uotas
488 1357 520 1387 in
544 1356 640 1388 huius
664 1367 719 1388 ore
743 1356 921 1398 quidquam
945 1366 1089 1398 parcere,

150 1411 190 1442 Ni
214 1412 279 1442 iam
302 1411 382 1442 meis
406 1410 510 1442 oculis
531 1410 688 1442 abscedat
705 1411 738 1442 in
757 1411 875 1442 malam
894 1421 1042 1451 magnam
1062 1419 1200 1441 crucem.
1220 1417 1270 1442 835

150 1466 291 1504 Faciam,
317 1465 404 1506 quod
428 1465 529 1503 iubes,
554 1465 680 1506 Apollo.

641 1536 772 1568 Senex

688 1590 778 1630 Fuge
803 1590 942 1628 domum,
967 1593 1126 1630 quantum
1152 1593 1270 1629 potest,

150 1645 197 1676 Ne
221 1644 275 1676 hic
298 1648 330 1676 te
355 1644 524 1676 obtundat.

615 1704 801 1736 Matrona

476 1757 589 1798 Fugio.
635 1758 770 1796 Amabo,
795 1757 935 1789 adserua
958 1758 1074 1796 istunc,
1099 1758 1143 1789 mi
1167 1762 1269 1799 pater,

150 1812 198 1844 Ne
222 1823 286 1853 quo
308 1812 385 1844 hine
407 1812 513 1844 abeat.
558 1812 678 1844 Sumne
703 1812 898 1852 egolmulier
917 1813 1046 1850 misera,
1071 1822 1155 1853 quae
1174 1812 1270 1843 illaec

865 1866 985 1898 audio?

218 1962 268 1987 827
285 1968 393 1994 person.
413 1968 462 1986 om.
481 1959 526 1994 B,
571 1960 684 1994 appollo
747 1960 841 1986 oraclo
861 1960 883 1986 C
942 1961 993 1986 828
1012 1960 1120 1986 exurati
1141 1960 1163 1987 0
1220 1961 1269 1987 829

150 2003 212 2029 Peri
267 2002 395 2036 Sequitur
412 2012 435 2029 v.
445 2004 505 2029 817.
558 2004 609 2029 830
623 2011 696 2036 pers.
708 2011 756 2029 om.
810 2004 861 2028 632
879 2002 996 2035 amplius
1012 2003 1085 2028 enjm
1095 2002 1130 2036 Β,
1150 2004 1269 2036 amplius

150 2047 224 2072 enim
243 2055 306 2072 ereo
327 2046 348 2072 C
420 2047 470 2072 833
489 2045 594 2079 aliquid
668 2046 718 2072 836
738 2045 779 2071 Ne
800 2046 853 2071 iam
873 2046 941 2071 meis
962 2046 994 2077 B,
1015 2045 1067 2072 Nei
1085 2054 1162 2072 amus
1183 2045 1204 2072 C

151 2089 255 2115 occulis
275 2088 297 2114 0
355 2089 406 2115 836
424 2092 503 2122 potes
524 2088 544 2114 C
603 2089 653 2114 838
671 2088 767 2121 Neque
787 2087 809 2114 C
863 2087 966 2114 habeat
985 2097 1090 2115 summe
1151 2089 1199 2114 illa
1216 2089 1268 2115 hec

151 2131 240 2158 audeo
