1596 2478
275 166 293 194 8
794 160 884 186 Plauti
1214 159 1237 187 I.
1260 161 1280 192 1,
1300 160 1403 186 28-29

738 254 940 295 Thesprio

277 309 330 341 Ius
355 309 445 341 dicis.

738 361 936 403 Epidicus

462 415 514 448 Me
539 415 641 448 decet.

734 469 934 510 Thesprio

674 523 743 554 Iam
767 526 802 555 tu
827 526 936 554 autem
960 521 1055 554 nobis
1080 525 1268 563 praeturam
1293 523 1403 562 geris?

741 582 938 623 Epidicus

278 636 381 675 Quem
401 636 490 668 dices
510 636 689 678 digniorem
709 647 781 668 esse
800 635 962 668 hominem
983 635 1078 666 hodie
1093 634 1228 666 Athenis
1242 634 1403 666 alterum?

737 695 942 736 Thesprio

278 751 321 782 At
344 760 443 782 unum
468 759 488 781 a
513 752 669 790 praetura
692 753 760 787 tua,
786 748 931 790 Epidice,
955 748 1057 780 abest.

742 808 939 849 Epidicus

1090 860 1274 898 Quidnam?

741 916 793 947 Fh
803 916 914 956 espri
924 926 942 948 o

1295 967 1403 1000 Scies:

280 1023 428 1055 Lictores
452 1023 527 1060 duo.
553 1023 616 1055 duo
641 1023 775 1055 uiminei
800 1023 908 1055 fasces
933 1023 1109 1063 uirgarum.

742 1083 938 1124 Epidicus

1145 1134 1214 1167 Uae
1239 1134 1313 1166 tibi!

280 1190 344 1222 Sed
369 1191 446 1231 quid
470 1191 539 1222 ais?

741 1243 940 1285 Thesprio

538 1296 622 1335 Quid
647 1307 694 1329 me
716 1297 835 1338 rogas?

743 1356 939 1398 Epidicus

811 1410 874 1442 Ubi
899 1419 991 1442 arma
1015 1413 1092 1441 sunt
1115 1408 1350 1450 Stratippocli?
1373 1416 1407 1442 80

745 1469 944 1510 Thesprio

281 1525 339 1557 Pol
365 1524 422 1556 illa
447 1524 487 1556 ad
512 1524 617 1556 hostis
640 1523 896 1565 transfugerunt.

743 1583 938 1623 Epidicus

897 1636 1058 1668 Armane‘?

741 1696 942 1737 Thesprio

1044 1750 1150 1790 Atque
1175 1748 1306 1789 quidem
1330 1748 1405 1779 cito.

742 1809 768 1840 E
777 1820 797 1850 p
807 1810 816 1840 i
826 1809 864 1840 di
875 1819 890 1840 c
902 1819 920 1840 u
930 1819 944 1840 s

282 1863 415 1896 Serione
439 1863 520 1895 dicis
545 1863 650 1895 istuc?

743 1916 940 1958 Thesprio

686 1970 788 2006 Serio,
813 1971 961 2011 inquam3
985 1969 1096 2001 hostes
1120 1968 1252 2000 habent.

351 2095 382 2120 27
403 2094 491 2121 <liceis
512 2095 535 2120 A
608 2094 750 2120 hominem
771 2102 820 2120 om.
840 2094 862 2118 Α
936 2094 970 2118 80
989 2100 1033 2118 me
1052 2099 1102 2118 om.
1173 2092 1206 2117 52
1224 2091 1295 2117 dicio
1316 2094 1344 2116 tu
