1596 2478
307 175 368 204 224
812 173 902 199 Plauti
1229 174 1260 207 V,
1278 176 1304 209 5,
1321 176 1422 202 44—53

771 266 950 299 Medicus

862 321 944 356 Scin.
969 321 1048 362 quid
1071 322 1172 354 facias
1196 324 1421 364 optumumst?

308 375 356 406 Ad
381 386 430 406 me
454 374 523 406 saco
546 375 594 406 uti
618 375 793 407 deferatur.

798 435 924 467 Senex

840 489 934 522 Itane
956 490 1093 522 censes?

772 549 955 581 Medicus

1133 603 1309 645 Quippini‘?

306 657 354 689 Ibi
380 667 450 688 meo
475 657 637 688 arbitratu
661 659 775 697 potero
799 666 913 688 curare
936 656 1110 689 hominem.

799 727 930 759 Senex

1091 782 1167 823 Age.
1190 786 1228 814 ut
1249 783 1351 815 lubet.
1370 792 1421 818 930

802 835 978 867 Medicus

308 890 494 922 Elleborum
519 889 648 930 potabis
671 889 746 921 faxo
770 889 897 931 'aliquos
920 890 1035 929 uiginti
1059 890 1137 922 dies.

721 961 751 992 M
760 972 776 992 e
785 972 805 992 n
816 971 831 992 a
842 971 858 992 e
866 961 910 992 ch
922 972 950 992 m
960 972 980 992 u
989 971 1004 992 s

307 1015 348 1046 At
370 1025 429 1056 ego
452 1018 485 1046 te
509 1015 703 1056 pendentem
728 1014 849 1046 fodiam
873 1015 1013 1046 stimulis
1036 1016 1170 1056 triginta
1194 1016 1272 1048 dies.

773 1085 954 1118 Medicus

306 1140 329 1179 Ι,
353 1150 481 1172 arcesse
504 1139 661 1174 homines.
686 1140 742 1180 qui
764 1140 864 1171 illunc
887 1140 928 1172 ad
952 1151 1002 1171 me
1026 1139 1184 1172 deferant.

798 1204 924 1236 Senex

1111 1259 1197 1298 Quot
1219 1264 1296 1292 sunt
1318 1261 1421 1293 satis?

751 1312 928 1344 Medicus

306 1367 445 1398 Proinde
467 1370 505 1397 ut
527 1367 668 1398 insanire
691 1366 796 1404 uideo,
821 1370 988 1408 quattuor,
1012 1367 1112 1399 nihilo
1135 1368 1250 1400 minus.

801 1437 930 1470 Senex

308 1491 375 1522 Iam
399 1490 452 1523 hic
475 1495 576 1523 erunt.
623 1491 770 1524 Adserua
792 1496 827 1524 tu
849 1493 966 1527 istunc,
991 1492 1123 1524 medice.

775 1562 953 1594 Medicus

883 1616 984 1648 Immo
1008 1627 1066 1654 ego
1089 1616 1183 1648 abibo
1207 1617 1349 1654 domum.
1367 1627 1418 1652 935

308 1670 350 1702 Ut
372 1673 537 1710 parentur.
561 1670 678 1710 quibus
702 1671 825 1711 paratis
849 1681 931 1711 opus
954 1674 1010 1702 est.
1054 1671 1102 1702 Tu
1126 1682 1237 1703 seruos
1261 1671 1335 1703 iube

306 1724 399 1755 Hunc
422 1724 463 1755 ad
488 1735 538 1755 me
560 1723 676 1755 serant.

802 1784 926 1816 Senex

734 1838 802 1869 Iam
827 1849 886 1878 ego
909 1838 975 1870 illic
998 1838 1072 1870 faxo
1097 1839 1168 1870 erit.

376 1941 426 1965 928
445 1940 487 1965 sin
562 1939 681 1972 optimos
700 1938 722 1965 C
789 1940 840 1966 929
858 1942 889 1966 ut
906 1939 933 1966 B
1002 1940 1078 1966 itanu
1147 1941 1195 1966 931
1217 1939 1304 1966 MED.
1323 1947 1374 1966 om.
1393 1940 1420 1966 B

307 1984 353 2009 931
374 1982 549 2015 postponitur
563 1983 696 2015 promimo.
774 1981 866 2009 Helles
885 1981 975 2008 forum
995 1982 1030 2011 Β.
1050 1982 1142 2009 Helles
1160 1983 1261 2009 borum
1282 1982 1304 2009 0
1369 1983 1419 2008 933

307 2025 440 2051 Lare-esse
516 2025 593 2050 illum
681 2026 731 2051 934
750 2025 777 2050 ui
797 2025 818 2051 C
894 2025 991 2051 uideor
1069 2025 1138 2051 nihil
1157 2025 1284 2051 hominus
1369 2026 1419 2051 935

306 2076 358 2100 ego
378 2076 428 2093 om.
447 2068 469 2093 C
563 2067 608 2093 ibo
703 2068 754 2093 986
772 2070 836 2093 tuos
854 2067 888 2098 Β,
909 2070 952 2092 tus
973 2068 994 2094 C
1092 2068 1144 2094 937
1161 2067 1234 2093 hunc
1252 2068 1419 2094 antecedenti

304 2111 396 2136 versui
413 2110 539 2136 “dha-ret.
