1596 2478
589 204 617 229 V.
640 205 780 230 197—221.
1182 206 1242 235 317

123 298 251 332 morbus,
276 298 325 335 qni
350 302 475 336 occupat
498 298 613 329 fauces“
641 298 696 338 (sic
720 301 817 329 Plaut.
842 300 923 328 Trin.
950 298 1035 336 542).
1085 299 1242 335 „Plautusz

122 349 232 377 Vellem
257 358 301 376 me
324 349 353 376 in
379 351 517 385 anginam
541 352 632 385 verti,
667 354 700 379 ut
730 352 798 380 huic
827 351 950 380 aniculae
973 351 1071 379 fauces
1094 360 1244 389 praeoccu·

121 398 240 437 pnrem“
266 400 313 434 (cf.
339 399 462 428 Winter.
488 401 587 429 Plauti
611 402 729 438 Fragm.
754 413 784 440 p.
811 399 870 437 19).
927 401 984 430 Sed
1014 403 1104 430 etiam
1129 402 1166 430 de
1189 402 1243 430 ho-

122 452 232 479 minum
257 451 360 479 morbo
384 453 505 488 ponitur
527 452 607 489 apud
630 453 745 480 Celsum
771 457 800 481 et
823 453 960 481 Plinium.
979 468 1019 473 --
1038 454 1109 482 214.
1133 451 1244 482 stimu-

122 499 270 535 latricem,
295 502 330 530 cf.
349 503 415 531 198.
430 517 469 522 -
490 504 558 532 215.
584 501 754 539 impeti-aui
777 504 820 532 ed.
833 513 878 541 pr.
900 519 932 523 —
951 505 1076 541 (fratum
1098 514 1154 542 pro
1177 505 1244 533 sub-

121 554 250 581 stantivo
273 554 408 590 ponitur,
438 558 471 582 ut
504 559 693 591 „pergratum
717 555 787 582 mihi
811 555 936 583 feceris··
963 555 1021 583 Cic.
1047 555 1116 584 Lael.
1141 557 1170 591 4,
1197 556 1244 584 16.

126 608 259 641 „gratum
284 603 418 632 elocuta“
446 605 516 633 Hor.
541 605 595 633 Od.
617 605 668 636 111,
694 608 720 640 3,
750 607 802 640 173
827 607 861 634 cf.
888 607 925 634 ad
943 607 1015 634 cist.
1035 607 1084 634 68.
1111 621 1147 626 -
1173 608 1245 635 216.

123 655 256 683 Mueller.
282 655 400 683 Nachtr.
430 656 503 684 137:
536 658 653 694 „Atque
677 657 756 692 olim,
781 658 953 694 priusquam
978 657 1007 684 id
1032 658 1150 692 extudi,
1179 658 1245 692 fuit,

123 717 210 744 quom
233 707 276 734 illi
299 706 543 735 subblandiba1·“.
578 723 620 726 —
654 705 774 743 eoetmli,
809 709 966 743 extricavi,
997 709 1174 745 expugnavi,
1210 709 1245 738 cf.

124 757 211 794 Verg.
236 758 343 795 Georg.
368 758 396 793 1,
429 759 496 787 133.
535 773 571 777 —
609 760 679 788 217.
717 759 756 787 Et
785 769 886 787 versus
916 759 1064 787 claudicat
1087 762 1118 788 et
1141 762 1246 788 oratio.

123 808 251 837 Ritsch.:
280 809 336 844 „Di
360 810 410 846 pol
435 820 479 837 me
502 810 620 847 faciant,
645 811 724 848 quod
748 809 875 838 uolint“.
912 810 1021 847 Bugg.:
1050 811 1125 846 „Qui
1149 811 1178 839 di
1202 821 1248 840 me

124 860 241 895 faciant,
265 860 344 898 quod
369 861 492 889 uelint·*.
519 877 555 880 —
583 862 652 890 218.
676 860 712 890 ‘ni
735 858 891 898 Scapham
914 862 960 890 ed.
984 871 1045 898 pr.;
1077 863 1150 896 „nisi
1174 863 1248 890 hanc

124 910 288 949 Scapham“
314 911 427 946 Muell.,
453 922 489 940 ne
514 913 612 941 hiatus
636 914 664 941 in
689 913 805 941 diaeresi
829 914 877 941 sit.

211 964 281 991 219.
310 963 360 991 sat
382 963 547 999 acceptum,
579 967 700 996 certum.
731 965 815 1001 quasi
839 965 1033 992 satisdatione
1058 968 1187 1000 cautum,
1212 965 1247 993 cf.

124 1015 214 1043 Merc.
241 1016 315 1043 647:
354 1015 404 1049 „si
427 1015 457 1043 id
480 1015 544 1043 fore
567 1016 609 1042 ita
631 1019 680 1043 sat
703 1016 801 1043 animo
826 1018 977 1053 acceptum
1003 1014 1079 1043 est“.
1105 1031 1146 1035 -
1177 1018 1246 1045 220.

121 1064 301 1103 proprium,
337 1067 372 1094 cf.
395 1066 464 1094 Ter.
488 1067 580 1094 Andr.
607 1067 681 1095 716:
720 1067 858 1101 „Nihilne
887 1076 949 1094 esse
978 1068 1133 1104 proprium
1162 1068 1248 1103 quoi-

125 1115 232 1155 quam“
254 1127 318 1145 cum
339 1127 442 1145 comm.
462 1117 622 1155 Spengelii.
644 1133 678 1136 —
702 1118 772 1148 221.
797 1114 864 1146 Soli
886 1118 1016 1145 refertur
1034 1117 1070 1146 ad
1089 1127 1116 1146 v.
1134 1119 1191 1146 199
1205 1128 1248 1155 sq.

126 1184 165 1188 —-
189 1168 302 1197 Nonius
325 1179 354 1206 p.
369 1170 446 1197 202:
472 1165 606 1204 „Orines
629 1178 777 1206 genere..
791 1192 797 1197 .
812 1169 952 1197 feminino
977 1169 1101 1197 Plautus
1124 1169 1249 1197 Mustel-

126 1220 212 1248 laria:
237 1219 402 1256 gerundum
426 1230 537 1248 morem
561 1229 665 1248 censeo
689 1223 719 1248 et
742 1220 904 1257 capiundas
927 1221 1021 1248 crines
1044 1218 1128 1248 tibi“.
1164 1220 1250 1249 Unde

126 1270 160 1299 R.
191 1271 329 1299 licentius
358 1281 475 1299 versum
506 1272 547 1299 sic
576 1272 746 1308 rescripsit:
785 1271 918 1306 „Morem
947 1271 1113 1308 gerundum
1144 1282 1250 1300 censeo

125 1323 181 1350 tibi
215 1325 246 1350 et
276 1322 438 1360 capiundas
467 1321 593 1351 crines‘⁴.
652 1322 749 1351 Genus
779 1324 920 1357 nominis,
956 1323 1037 1359 quod
1061 1323 1084 1350 Β
1113 1323 1204 1351 habet
1235 1335 1251 1352 a

126 1374 222 1410 prima
245 1383 342 1408 manu,
366 1373 537 1410 Noniusque
555 1374 644 1402 etiam
663 1384 698 1401 ex
717 1374 790 1401 Atta
808 1373 902 1408 affert,
927 1383 991 1401 cum
1012 1374 1045 1402 R.
1064 1375 1249 1403 retinuimus.

131 1421 242 1453 Orines
265 1432 373 1461 capere
397 1428 523 1462 apparet
551 1426 613 1453 eius
644 1435 723 1458 esse,
758 1435 823 1462 quae
854 1426 1022 1453 meretricia
1051 1426 1171 1453 licentia
1201 1426 1251 1454 de-

127 1478 226 1513 posita
249 1477 337 1504 unius
360 1486 390 1504 se
414 1477 608 1505 concubinam
632 1477 697 1504 fore
720 1477 893 1514 promittat;
928 1477 1024 1504 crines
1054 1479 1152 1504 autem
1183 1480 1252 1505 sunt

127 1528 227 1565 capilli
251 1530 332 1555 certo
356 1528 444 1556 modo
468 1528 586 1564 compti,
611 1528 693 1556 velut
712 1527 818 1555 Festus
842 1538 871 1564 p.
894 1528 953 1555 339
981 1528 1075 1563 „senis
1099 1526 1247 1556 crinibus“

127 1579 170 1606 ait
195 1578 359 1614 „nubentes
381 1577 555 1606 ornantur“.
602 1578 704 1606 Crines
734 1582 949 1613 matronarum,
974 1588 1033 1606 non
1063 1580 1251 1607 meretricum

128 1640 191 1658 esse
214 1640 249 1658 ex
272 1630 317 1658 his
342 1630 412 1657 locis
436 1630 633 1665 intelligitur,
664 1640 738 1667 quos
767 1629 888 1665 collegit-
911 1630 1038 1658 Lorenz.
1062 1631 1092 1657 in
1117 1640 1251 1666 excursu,

128 1681 192 1709 Mil.
207 1682 264 1709 791
281 1689 340 1718 sq.:
369 1681 590 1716 „Mntronarum
610 1681 697 1709 modo
718 1680 824 1718 Capite
848 1684 966 1718 compto
991 1681 1080 1709 crinis
1103 1682 1252 1719 uittasque

129 1732 236 1761 habeat
265 1733 481 1769 adsimuletque
512 1743 544 1760 se
567 1732 659 1760 Tuam
685 1742 749 1760 esse
773 1730 926 1760 uxorem“.
972 1732 1071 1761 Tibul.
1097 1733 1118 1768 I,
1144 1734 1171 1767 6,
1198 1734 1251 1760 67:

132 1784 195 1819 „Sit
229 1784 316 1812 modo
351 1786 446 1818 casta,
482 1783 569 1818 doce,
606 1785 739 1819 quamvis
773 1793 831 1811 non
866 1785 942 1812 vitta
971 1784 1078 1820 ligatos
1106 1783 1253 1820 impediat

129 1837 223 1864 crines
257 1846 310 1863 nec
344 1835 422 1863 stola
450 1835 538 1872 longa
566 1835 689 1873 pedes“.
757 1834 842 1863 Ovid.
873 1844 909 1862 ex
938 1834 1026 1862 Pont.
1050 1834 1109 1869 III,
1143 1835 1176 1867 3,
1203 1836 1252 1862 51.

130 1887 217 1923 Prop.
242 1886 291 1921 IV,
323 1887 369 1922 11,
401 1887 456 1914 33:
494 1886 563 1921 „ubi
597 1887 654 1914 iam
689 1885 802 1914 facibus
837 1886 925 1913 cessit
958 1888 1104 1923 praetexta
1138 1887 1253 1913 maritis

131 1937 232 1966 Vinxit
255 1941 285 1965 et
308 1940 442 1975 acceptas
467 1938 561 1965 altera
583 1938 657 1965 vitta
678 1935 807 1965 comas“.
853 1936 1025 1964 Meretrices
1048 1936 1172 1974 capillos
1194 1937 1254 1965 vir-

129 1990 229 2025 ginum
265 1997 344 2016 more
378 1988 501 2016 liberius
534 1988 660 2016 fluentes
688 1988 864 2026 portabant3
900 1989 1030 2023 virgines
1060 1990 1167 2023 autem,
1203 1987 1253 2015 ubi

131 2039 297 2074 nubebant,
326 2049 375 2068 eos
398 2040 485 2068 aliter
509 2039 641 2075 ligabant
665 2042 696 2067 et
719 2039 912 2073 ordinabant,
942 2039 1021 2076 quod
1045 2048 1098 2067 sua
1122 2039 1255 2066 oratione

131 2094 162 2119 et
184 2090 221 2118 ad
244 2100 305 2119 suae
327 2093 423 2119 aetatis
442 2101 551 2119 morem
573 2091 774 2119 Tertullianus
793 2093 1010 2125 commemorat,
1034 2089 1070 2117 de
1090 2089 1255 2126 virginibus

132 2139 264 2171 velandis
291 2144 341 2170 12:
370 2142 432 2177 „11ae
456 2147 564 2170 nostrae
588 2143 676 2170 etiam
701 2142 803 2170 habitu
828 2142 1021 2169 mutationem
1044 2141 1142 2169 aetatis
1167 2140 1255 2169 confi-
