1596 2478
131 187 162 216 V.
185 190 204 218 l,
224 186 309 211 9-24
600 165 782 212 Mennochmi·
1184 185 1245 213 209

545 279 827 310 Menaechmus

939 333 944 339 ”
1049 332 1064 355 ⁴>

133 378 222 416 Quae
245 388 296 407 ros
321 380 352 406 te
375 377 488 415 agitat,
514 375 651 406 mulier?
884 332 970 370 Qnd
993 336 1058 364 δεῖ.

594 453 778 483 Matrona

694 506 851 543 Etiamne,
874 506 1044 547 inpudens.

133 561 264 592 Muttire
288 561 422 591 uerbum
447 570 545 591 unum
569 561 669 591 audes
693 563 750 591 aut
774 571 898 592 mecum
922 560 1033 602 loqui‘?

549 637 831 668 Menaechmus

133 692 215 730 Quid
240 692 370 723 taudem
396 691 510 723 admisi
535 692 565 722 iu
591 702 650 726 me,
674 695 710 722 ut
732 692 821 732 loqui
845 702 908 723 non
933 691 1094 723 audeam?
1198 699 1250 725 700

597 768 780 800 Matrona

134 820 248 863 Rogas'
266 823 338 854 me?
361 833 377 853 o
401 823 540 854 hominis
564 822 773 863 inpudentem
798 822 986 854 audaciam!

550 899 831 930 Menaechmus

135 954 203 985 Non
227 958 262 986 tu
287 955 360 988 seis.
383 953 509 987 mulier,
534 953 700 985 Hecubam
724 957 927 994 quapropter
951 963 1064 985 canem

134 1008 224 1039 Graii
249 1019 320 1039 esse
344 1008 600 1048 praedicabant?

597 1084 782 1115 Matrona

646 1138 719 1169 Non
743 1139 892 1178 equidem
916 1139 994 1170 scio.

554 1210 833 1242 Menaechmus

136 1265 219 1302 Quia
242 1265 326 1295 idem
351 1264 494 1295 faciebat
516 1263 661 1300 Hecuba,
686 1264 772 1305 quod
796 1268 831 1296 tu
855 1274 941 1296 nunc
963 1264 1061 1296 facis:

136 1319 253 1350 Omnia
276 1318 361 1349 mala
384 1318 562 1357 ingerebat,
587 1329 781 1359 quemquem
805 1319 1017 1359 adspexerat3
1202 1326 1252 1351 705

136 1373 249 1414 Itaque
273 1373 354 1404 adeo
379 1374 447 1403 iure
471 1376 588 1413 coepta
612 1373 771 1413 adpellari
796 1376 847 1404 est
871 1383 977 1405 canes.

604 1444 784 1475 Matrona

136 1499 207 1530 Non
231 1499 334 1530 istaec
357 1509 415 1538 ego
440 1498 562 1538 flagitia
586 1508 718 1538 possum
743 1500 885 1538 perpeti3

136 1553 218 1584 Nam
243 1553 315 1584 med
339 1556 482 1585 aetatem
506 1562 577 1583 esse
601 1552 735 1583 uiduam
760 1552 911 1584 mauelim

137 1606 239 1644 Quam
262 1608 364 1638 istaec
387 1606 512 1643 flagitia
534 1610 591 1637 tua
614 1607 691 1648 pati,
716 1616 799 1646 quae
822 1610 859 1637 tu
882 1605 973 1637 facis.

555 1677 835 1709 Menaechmus

138 1732 220 1769 Quid
246 1732 276 1762 id
302 1732 343 1762 ad
367 1743 427 1764 me.
452 1735 486 1762 tu
510 1735 541 1762 te
565 1735 700 1772 nuptam
724 1732 830 1772 possis
854 1731 988 1772 perpeti,
1201 1740 1254 1765 710

137 1788 184 1817 An
207 1787 250 1817 sis
273 1786 405 1817 abitura
428 1796 448 1817 a
470 1790 526 1817 tuo
550 1786 645 1817 uiro?
690 1786 739 1816 An
763 1796 832 1817 mos
855 1786 909 1817 hic
931 1787 979 1817 ita
1002 1789 1060 1823 est,

137 1841 310 1881 Peregrino
334 1844 370 1872 ut
392 1840 581 1871 aduenienti
604 1844 739 1871 narrent
762 1840 913 1871 fabulas?

205 1961 255 1986 698
273 1959 332 1992 agit
351 1959 386 1985 ad
404 1959 430 1985 B
513 1960 562 1984 699
580 1959 686 1985 Mittire
708 1959 730 1985 C
804 1960 851 1984 701
874 1967 889 1983 o
909 1967 959 1985 om.
1036 1959 1087 1984 702
1104 1959 1155 1985 hec
1175 1967 1250 1984 cum-

138 2004 201 2029 bam
221 2002 243 2028 C
319 2011 400 2035 quam
420 2004 535 2035 propter
553 2001 580 2027 B
658 2003 708 2028 704
726 2002 787 2027 ME.
807 2010 856 2028 om.
875 2002 901 2027 Β
983 2002 1034 2027 706
1052 2001 1191 2035 appellare
1212 2004 1251 2026 est

137 2047 187 2072 707
206 2045 268 2071 ME.
287 2044 314 2071 Β
380 2044 442 2070 Non
462 2053 514 2077 ego
532 2045 586 2070 ista
604 2045 656 2071 hec
723 2046 774 2070 708
793 2047 896 2070 etatem
915 2044 1027 2070 uiduam
1047 2053 1105 2070 esse
1128 2043 1160 2076 Β,
1180 2047 1253 2070 etate

138 2088 261 2114 miduam
280 2096 339 2114 esse
359 2087 381 2114 0
455 2088 505 2113 '709
523 2088 578 2112 ista
596 2088 647 2114 hec
726 2087 807 2119 flagia
828 2086 854 2112 B
931 2088 979 2112 711
1000 2087 1086 2112 adtuo
1135 2090 1140 2093 “
1164 2096 1253 2113 annos

138 2131 177 2156 ita
196 2134 236 2156 est
255 2130 307 2156 hoc

1020 2185 1050 2209 14
