1596 2478
592 180 621 204 v.
640 181 782 206 620—649.
1187 181 1248 210 289

136 277 309 315 „Sapienter
344 274 477 309 mones“;
512 276 714 305 admirandam
749 287 820 305 sane
853 277 1044 314 sapientiam!
1102 274 1246 313 Equidem

132 329 250 365 scripsi:
286 325 371 364 capit
403 325 456 362 (se.
488 328 688 364 quadraginta
722 328 828 362 minas,
865 327 894 355 id
926 327 1005 365 quod
1035 327 1105 355 mihi
1135 325 1248 363 debes).

133 375 194 408 ST.
219 375 271 406 An
296 378 328 406 tu
350 376 440 406 neuis
467 374 633 414 opperiri?

218 431 286 458 632.
312 430 385 458 Dum
407 430 576 458 adulescens
595 430 670 458 aedos
689 430 790 464 intrat,
810 429 950 468 Epidicus
969 430 1102 467 agnoscit
1120 429 1248 467 puellam

133 482 210 510 illam
247 491 281 509 ex
316 481 416 518 praeda
444 484 571 518 emptam
602 481 775 518 Periphanis
810 481 899 509 filiam
934 491 1012 519 esse,
1047 490 1112 518 quae
1140 479 1248 508 Thebis

132 543 196 562 eum
221 535 315 560 matre
338 532 509 561 habitasset.
567 531 697 560 Primum
722 531 845 567 dubitat,
872 542 908 560 an
933 542 962 560 se
986 532 1071 560 fallat
1093 531 1248 560 oculorum

133 585 219 612 acies.
279 584 394 616 ..Oculis
418 583 577 612 utilitatem
601 582 739 612 obtineo‘k
766 593 820 620 pro
847 582 1034 618 „oculorum“
1062 583 1168 611 Latine
1191 582 1248 610 dici

134 645 190 663 non
214 638 319 674 potest.
356 635 451 663 Credo
470 635 574 663 fuisse:
600 631 693 663 Satin
711 641 763 671 eyo
780 631 877 663 oculis
894 633 988 663 utor?
1014 632 1111 663 aciem
1129 631 1250 671 optineo

133 685 252 716 sincere
275 694 315 715 an
336 685 470 724 parum?
490 701 529 705 —
549 687 608 714 633
633 689 663 714 et
686 687 725 714 34
750 687 777 715 in
801 686 887 715 codd.
913 687 989 714 iuter
1011 696 1042 714 se
1065 689 1250 723 permutatos

133 749 196 767 esse
219 739 370 777 perspexit
393 738 511 767 Brixins
534 738 611 766 Aun.
636 738 705 775 phil.
731 737 767 766 CI
790 749 818 776 p.
839 739 909 772 761,
934 747 1093 775 verumque
1117 736 1248 765 ordinem

135 791 162 819 in
185 791 210 818 A
234 790 445 818 animadvertit
467 789 660 818 Studemund.
682 789 765 817 Stud.
791 789 803 817 Ι
826 799 855 827 p.
874 790 923 818 40.
969 788 1054 824 Quod
1078 798 1168 825 quum
1192 798 1249 816 non

134 842 314 870 intellectum
346 843 435 875 esset,
472 851 507 868 ex
537 851 653 875 errore,
688 843 740 878 qui
763 841 791 868 in
816 840 838 869 B
863 843 996 878 apparet,
1022 839 1048 868 I:
1088 842 1196 875 „natan
1220 849 1251 867 es

133 892 252 926 Thebis,
278 892 423 930 Epidauri
447 890 552 920 sata?“
590 902 643 920 nec
666 892 753 920 aliter
776 891 932 929 Geppert.,
966 891 1021 919 nisi
1056 891 1135 928 quod
1163 893 1251 925 „natu

134 943 194 972 es“.
219 959 259 963 ——
292 940 485 980 PeripIeanai
508 943 603 978 Both,
629 944 664 971 cf.
691 944 760 971 247.
790 958 830 962 —
862 943 930 971 636.
961 940 1081 971 mouisti
1106 939 1195 979 Quod
1217 942 1249 976 A,

134 998 166 1023 ut
190 995 256 1024 edd.
302 997 378 1024 Ante
404 992 494 1032 Quod
516 992 637 1032 quidem
656 995 789 1023 auditur:
823 994 906 1029 „Non
926 992 1026 1022 noui“.
1046 1008 1087 1012 —
1106 994 1250 1022 637—38

134 1048 162 1074 in
187 1047 270 1076 codd.
295 1050 481 1084 permutatos
499 1056 563 1074 esse
583 1046 658 1075 vidit
677 1046 842 1081 Acidalius3
866 1046 975 1084 probat
995 1046 1029 1074 A.
1075 1042 1176 1073 natali
1193 1042 1250 1080 die,

133 1098 168 1126 cf.
194 1098 260 1126 Ter.
285 1098 402 1126 Pliorm.
427 1099 476 1126 48.
505 1113 547 1117 -
581 1099 641 1126 638
673 1097 758 1126 affert
780 1097 949 1125 Priscianus
976 1097 1030 1131 111,
1053 1106 1081 1133 p.
1107 1097 1167 1124 616
1191 1106 1250 1134 sq.:

137 1159 272 1185 μαι-θος,
297 1149 442 1178 aureolus.
489 1149 611 1177 Plautus
634 1150 663 1177 in
690 1148 825 1187 Epidico:
850 1148 984 1177 lunulam
1008 1150 1098 1185 atque
1122 1147 1250 1175 anellum

134 1198 303 1229 aureolum⁴⁸
330 1203 359 1228 et
382 1201 490 1229 iterum
514 1201 605 1238 paulo
629 1203 704 1238 post.
751 1197 910 1229 [amulam
938 1199 1037 1238 puella
1060 1199 1164 1228 collari
1188 1199 1250 1227 alli-

131 1254 229 1288 gatam
254 1262 311 1280 non
334 1253 498 1280 ornamenti
521 1252 615 1280 solum
639 1261 726 1280 causa
749 1254 879 1289 gestasse
909 1250 1042 1285 videtur,
1079 1250 1130 1279 sed
1162 1251 1250 1279 etiam

132 1313 168 1331 ne
191 1304 246 1332 sibi
271 1306 389 1331 noceret
408 1304 501 1332 malus
519 1305 621 1332 oculus
640 1307 690 1332 aut
708 1303 873 1338 fascinatio,
898 1313 923 1330 v.
940 1302 1056 1340 Ussing,
1081 1302 1251 1338 Erziehung

133 1364 161 1382 u.
192 1354 386 1383 Unterricht2
413 1365 441 1393 p.
467 1356 515 1383 43.
571 1355 648 1384 Jahn
682 1355 712 1382 in
740 1354 869 1383 Bericht.
898 1354 926 1383 d.
956 1353 1057 1383 Sachs.
1089 1353 1249 1382 Gesellsch.

137 1406 230 1440 1855,
255 1416 283 1443 p.
310 1407 364 1440 42,
388 1408 447 1434 not.
473 1407 522 1434 48.
554 1421 595 1425 —
625 1403 790 1443 dryiffulum
813 1406 954 1434 Goetzius
977 1415 1031 1433 eni.
1056 1420 1095 1423 —
1121 1406 1180 1433 639
1205 1415 1249 1443 sq.

133 1457 301 1485 emendavit
330 1457 432 1486 Goetz.
458 1467 493 1485 ex
515 1458 555 1492 A;
589 1457 640 1485 sed
676 1458 704 1485 in
740 1457 834 1486 altero
869 1467 956 1485 versu
991 1457 1050 1484 fere
1084 1457 1157 1485 nibil
1192 1456 1249 1494 legi

132 1509 237 1546 potuit.
296 1508 366 1536 tuas
389 1508 428 1544 A3
467 1508 585 1544 „tuusff‘
613 1508 714 1537 Goetz.
752 1523 788 1527 -——
826 1509 895 1537 641.
932 1505 1036 1536 animo
1060 1504 1188 1545 liquido,
1213 1508 1248 1535 cf.

133 1560 219 1588 Most.
247 1561 316 1588 736.
347 1575 388 1580 —
415 1557 499 1589 ualet
519 1560 653 1597 Seyffert.
684 1570 738 1588 em.
770 1561 799 1588 in
830 1560 911 1597 praef.
936 1559 1052 1588 Goetzii
1082 1569 1111 1596 p.
1139 1561 1184 1587 18.
1211 1574 1251 1577 -

134 1612 204 1640 643.
228 1608 419 1640 occasionem
443 1610 486 1648 ut,
509 1623 535 1640 v.
560 1612 597 1640 ad
620 1612 703 1650 Capt.
730 1613 799 1639 256.

219 1664 288 1691 644.
313 1663 525 1701 Stratippocles
538 1663 617 1692 redit
628 1674 693 1692 euin
707 1665 839 1700 argento.
853 1677 894 1681 -
913 1663 982 1691 645.
1007 1659 1134 1691 dubium
1156 1662 1249 1697 „sitne

132 1715 255 1752 probum
279 1725 314 1742 an
338 1713 534 1752 improbum“,
560 1714 660 1743 Lamb.
690 1730 730 1734 —
762 1715 832 1743 646.
862 1712 952 1747 enim,
976 1724 1002 1742 v.
1027 1713 1065 1741 ad
1088 1713 1154 1741 Aul.
1179 1713 1249 1741 492.

133 1773 240 1803 aequ&
264 1776 385 1801 mecum,
411 1766 490 1804 quod
514 1766 634 1794 additur
652 1767 732 1794 Asin.
748 1766 817 1801 330,
842 1775 899 1793 non
923 1767 968 1793 est
991 1765 1196 1793 necessarium.
1212 1779 1248 1784 —

135 1818 204 1846 647.
229 1817 300 1846 Post
323 1814 458 1854 appellat
480 1818 627 1846 obiectum
654 1816 718 1853 „te“
743 1817 892 1852 omissum,
918 1816 953 1845 cf.
967 1816 1004 1844 ad
1022 1816 1103 1844 Asin.
1120 1817 1189 1845 392.
1210 1830 1251 1835 —

135 1870 204 1898 648.
229 1876 298 1897 sum
322 1869 388 1897 add.
413 1868 515 1897 Goetz.
545 1883 587 1888 ——
615 1868 705 1906 atque
728 1876 800 1897 exeo
824 1871 891 1896 cett.
916 1868 1020 1903 codd.;
1053 1864 1126 1895 inde
1149 1867 1251 1895 addidi

133 1929 202 1957 ego3
226 1920 327 1949 Goetz.
342 1930 405 1948 cum
418 1920 533 1948 Brixio:
560 1921 647 1957 „dum
667 1929 721 1956 ego
740 1930 773 1949 eo
792 1918 908 1955 intro“;
932 1919 1067 1947 Mueller.
1080 1919 1158 1946 inter
1177 1919 1249 1946 alia:

137 1971 253 2006 „QuidP
288 1981 341 2009 ego
375 1971 443 1999 huic
477 1972 624 2009 quomodo
658 1972 751 2012 frater
784 1971 878 1999 factus
913 1980 976 1998 sum
1010 1970 1079 1998 dum
1109 1979 1143 1997 eo
1172 1970 1250 1998 intro

134 2026 221 2061 atque
247 2020 358 2051 exeo?“
385 2037 424 2042 —
452 2023 522 2051 649.
561 2020 650 2059 Quod
676 2019 749 2051 boni
772 2025 839 2050 cett.
865 2021 989 2050 codices.
1014 2021 1155 2058 Epidicus
1186 2031 1249 2049 eum

134 2075 217 2112 queri
240 2076 331 2109 vetat,
356 2074 436 2111 quod
459 2083 590 2102 sororem
614 2074 789 2112 reppererit.
842 2061 955 2101 bitoitus
980 2073 1088 2108 iaceas,
1113 2072 1251 2101 Plautina

134 2125 315 2154 allitteratio.
383 2125 549 2154 Gronovius
577 2125 710 2154 dubitat:
749 2125 873 2160 „Utrum
902 2127 1003 2152 teneas
1033 2133 1070 2152 au
1098 2122 1247 2152 habeas?“

1017 2181 1048 2206 19
