1596 2478
168 184 241 210 Prol.
264 183 363 209 50—77
679 181 784 208 Casina.
1270 185 1285 212 7

211 278 302 309 Nun(=
326 277 385 308 sibi
412 281 549 317 uterque
574 281 689 307 contra
712 277 856 317 legiones
882 281 984 317 parat.
1257 285 1289 309 50

210 332 370 372 Paterque
394 330 553 370 filiusque,
579 330 661 361 clam
687 330 770 362 alter
794 331 943 363 alterum.

211 387 307 418 Pater
331 385 500 425 adlegauit
522 384 665 421 uilicum,
689 385 744 425 qui
769 390 919 424 posceret

210 440 277 471 Sibi
302 442 406 471 istanc
429 449 577 476 uxorem,
602 439 629 469 is
653 442 773 479 sperat.
798 439 824 469 si
850 440 878 470 ei
902 440 945 470 sit
968 439 1056 476 data,

209 494 277 527 Sibi
302 494 369 525 fore
394 497 525 534 paratas
550 493 633 524 clam
658 503 791 524 uxorem
817 493 973 524 excubias
998 494 1084 524 foris.

210 549 311 580 Filius
335 549 362 579 is
387 551 496 579 autem
521 548 717 586 armigerum
742 547 874 587 adlegat
898 558 1000 584 suum,
1257 557 1290 580 55

210 603 271 641 Qui
295 603 357 634 sibi
382 612 452 632 eam
477 612 611 632 uxorem
637 606 767 642 poscat;
791 602 861 639 scit,
886 602 912 633 si
937 602 970 632 id
994 603 1144 642 inpetret,

208 658 377 692 Futurum,
402 656 489 697 quod
514 659 611 693 amat,
637 657 723 687 intra
750 657 916 696 praesepis
942 666 1029 687 suas.

211 712 303 743 Senis
328 721 408 742 uxor
431 710 542 746 sensit,
566 711 671 741 uirum
696 710 724 740 ei
747 711 849 741 amori
874 721 1005 751 operam
1031 711 1124 748 dare,

210 766 388 806 Propterea
411 775 476 796 una
500 765 663 796 consentit
686 774 756 795 cum
782 764 859 795 filio.

209 820 268 852 Ille
292 824 401 851 autem
425 822 599 860 postquam
624 818 726 849 filium
751 819 850 850 sensit
877 829 970 849 suum
1257 828 1291 851 650

209 875 354 906 Eandem
379 873 467 904 illam
491 884 601 904 amare
626 879 656 904 et
682 883 753 904 esse
778 873 1000 913 inpedimento
1024 873 1097 909 sibi,

210 930 294 961 Hinc
317 928 562 960 adulescentem
586 938 721 968 peregre
746 927 914 967 ablegauit
938 932 1047 968 pater3

211 985 323 1017 Sciens
347 984 375 1014 ei
399 986 504 1013 mater
527 982 585 1013 dat
609 992 741 1022 operam
766 982 894 1013 absenti
918 986 1036 1013 tamen.

211 1040 252 1077 Is,
277 1049 316 1069 ne
340 1037 544 1077 exspectetis,
570 1036 666 1067 hodie
690 1036 722 1066 in
747 1036 808 1066 hac
833 1036 1001 1067 comoedia

211 1093 246 1125 In
271 1092 384 1124 urbem
408 1101 471 1122 non
496 1090 634 1128 redibit3
658 1089 794 1121 Plautus
818 1090 937 1125 noluit:
1259 1100 1292 1124 65

211 1148 346 1180 Pontem
371 1146 555 1185 interrupit.
581 1145 634 1185 qui
660 1148 731 1175 erat
755 1145 783 1175 ei
807 1145 837 1175 in
862 1145 988 1176 itinere.

212 1202 294 1234 Sunt
318 1201 378 1238 hic,
402 1201 488 1231 inter
511 1210 544 1231 se
569 1210 651 1240 quos
675 1209 761 1230 nunc
785 1199 882 1230 credo
908 1199 1033 1230 dicere:

213 1256 339 1294 Quaeso
363 1254 482 1289 hercle,
507 1253 585 1294 quid
609 1254 693 1285 istuc
717 1255 786 1285 est‘?
812 1254 947 1285 seruiles
972 1255 1125 1294 nuptiae?

214 1311 329 1343 Seruin
354 1320 486 1341 uxorem
511 1309 633 1340 ducent
655 1312 712 1339 aut
737 1312 872 1348 poscent
896 1308 981 1339 sibi?

212 1365 339 1397 Nouom
363 1363 562 1400 adtulerunt,
586 1362 672 1404 quod
696 1362 732 1393 fit
757 1373 917 1402 nusquam
941 1364 1095 1401 gentium.
1260 1373 1294 1397 70

213 1421 255 1451 At
278 1430 337 1459 ego
362 1419 413 1450 aio
439 1418 470 1448 id
495 1418 564 1448 fieri
589 1418 619 1447 iu
647 1416 786 1448 Graecia
810 1422 840 1447 et
866 1415 1064 1456 Carthagini,

214 1475 256 1506 Et
279 1473 331 1505 hic
354 1474 386 1504 in
410 1476 523 1503 nostra
546 1476 643 1508 terra,
667 1472 698 1502 in
724 1472 854 1511 Apulia,

213 1528 402 1567 Maioreque
426 1536 525 1566 opera
549 1525 593 1556 ibi
618 1526 754 1557 seruiles
779 1527 913 1566 nuptiae

215 1582 317 1620 Quam
342 1581 495 1612 liberales
519 1581 618 1612 etiam
643 1582 750 1612 curari
775 1580 888 1611 solent.

213 1637 249 1668 Id
274 1637 306 1667 ni
330 1636 375 1671 fit,
400 1646 523 1667 mecum
550 1636 675 1676 pignus,
699 1635 725 1665 si
750 1635 824 1675 quis
849 1635 928 1667 uolt.
953 1635 1028 1666 dato
1261 1645 1294 1668 75

214 1692 249 1723 Iu
275 1701 389 1722 urnam
415 1690 519 1727 mulsi,
544 1689 670 1720 Poenus
695 1689 769 1720 dum
794 1689 892 1720 iudex
916 1690 986 1727 siet,

214 1746 275 1778 Uel
300 1745 444 1777 Graecus
469 1744 560 1777 adeo.
585 1744 636 1775 uel
661 1754 734 1775 mea
758 1754 859 1776 causa
885 1744 1039 1784 Appulus.

258 1840 286 1865 51
308 1838 390 1864 Pater
408 1838 483 1864 BIE
557 1838 732 1871 alterumque
751 1838 797 1864 IE
874 1839 907 1863 52
926 1838 1038 1871 ablegat
1057 1837 1083 1864 Β
1162 1838 1194 1863 53
1214 1838 1295 1862 istam

172 1891 287 1909 uxorem
306 1881 369 1913 BE,
391 1890 504 1907 uxorem
525 1882 605 1906 istam
626 1882 645 1907 I
719 1882 752 1906 54
772 1890 857 1907 uxore
877 1882 920 1907 A]
990 1882 1023 1906 55
1042 1883 1064 1906 is
1084 1889 1135 1907 οηι.
1155 1880 1229 1906 ΒΙΕ

172 1926 304 1959 allegauit
323 1925 397 1951 BIE
455 1926 487 1949 57
506 1934 644 1958 praesepos
664 1926 682 1950 Ι
743 1926 776 1950 53
795 1925 817 1949 vi
839 1932 887 1949 om.
959 1926 993 1949 60
1012 1925 1098 1949 sensit
1117 1923 1204 1949 filium
1224 1923 1298 1949 BIE

172 1970 205 1995 62
224 1969 359 2001 abligauit
379 1968 413 1995 B.
434 1968 545 2001 ablegat
566 1969 589 1993 A
643 1969 675 1993 63
694 1968 753 1993 eius
775 1971 863 1993 mater
883 1968 905 1992 vi
926 1967 971 1991 dat
992 1966 1065 1992 BIE
1121 1969 1153 1992 64
1174 1966 1222 1991 His
1242 1966 1298 1992 BE

173 2014 206 2038 65
224 2012 328 2038 rediuit
347 2011 373 2037 Β
438 2012 471 2036 66
490 2011 513 2036 ei
583 2019 631 2036 om.
651 2011 674 2042 I,
694 2010 723 2036 E
739 2019 797 2036 cum
815 2018 917 2036 rasura
972 2011 997 2034 in
1018 2018 1059 2036 om
1087 2010 1111 2035 A
1174 2011 1206 2034 67
1226 2018 1296 2042 quos

174 2055 258 2081 eredo
278 2063 350 2080 nunc
369 2055 442 2080 inte-r
461 2062 490 2079 se
509 2053 583 2079 BIE
659 2055 690 2078 71
712 2054 765 2079 alio
785 2052 819 2081 Β,
839 2053 899 2078 aliie
918 2053 948 2079 E
1060 2053 1112 2078 boc
1131 2052 1205 2078 BIE

173 2098 295 2131 ingretia
314 2096 340 2122 Β
423 2097 565 2128 cartagine
585 2097 602 2122 1
688 2097 720 2122 73
740 2104 825 2129 opere
846 2096 870 2121 A
942 2097 974 2121 74
994 2096 1116 2121 liberalis
1140 2094 1194 2121 ΒΕ
1266 2096 1298 2119 75

174 2142 295 2174 pingnus
313 2140 347 2171 B,
367 2149 474 2173 pugnos
494 2140 516 2172 I,
536 2147 643 2173 pugnus
660 2139 688 2165 E
756 2140 788 2164 77
807 2139 913 2172 Apulus
933 2139 958 2163 A
