1596 2478
137 186 172 217 11,
190 187 215 217 3,
233 186 334 212 ’77-86
602 185 783 213 Menaechmi.
1191 189 1249 218 189

552 279 832 312 Menaechmus

445 333 514 364 Iam
538 345 658 375 sequar
680 338 729 372 te;
754 334 840 366 hunc
865 334 940 366 uolo
964 335 1061 366 etiam
1085 334 1249 375 conloqui.

135 386 213 424 Eho,
238 386 407 425 Messenio,
432 387 553 419 adcede
576 388 648 419 huc.

587 473 618 504 M
627 484 644 504 e
653 484 689 504 ss
699 484 742 504 en
751 474 760 505 i
769 484 787 505 o

685 526 768 564 Quid
793 529 902 567 negoti
926 528 996 559 est?

550 623 595 654 M
596 634 611 654 e
618 634 640 654 n
647 634 666 654 (ι
672 634 687 655 (e
694 623 735 654 (311-
743 635 773 655 m
780 636 799 655 u
809 636 824 653 s·

1049 678 1193 719 Suspice.

588 755 620 787 M
629 766 646 787 e
656 766 719 788 sse
728 756 793 788 nio

133 808 215 846 Quid
241 819 279 840 eo
303 809 421 849 opust?

553 887 611 918 Me
619 897 640 917 n
650 887 824 918 (molemus

435 939 524 981 Opus
548 945 608 979 est,
632 942 750 972 scitum
774 952 824 973 me
848 941 946 973 dicas.

586 1026 618 1058 M
626 1037 642 1058 e
651 1037 664 1058 s
674 1038 688 1058 s
699 1037 714 1058 e
722 1038 741 1058 n
749 1027 759 1058 i
767 1038 785 1059 ο

967 1070 1071 1101 Tanto
1095 1072 1242 1112 nequior.

551 1146 829 1178 Menaechmus

130 1198 242 1230 Habeo
267 1199 435 1239 praedam3
459 1203 585 1232 tantum
610 1201 716 1242 incepi
741 1202 856 1241 operis.
902 1201 924 1239 Ι,
949 1204 1105 1241 quantun]
1127 1205 1245 1242 potest.

131 1253 244 1284 Abduc
267 1254 348 1285 istos
371 1254 403 1285 in
427 1254 598 1286 tabernam
623 1259 770 1286 actutum
795 1255 1026 1294 diuorsoriau13
1197 1266 1247 1290 425

129 1307 175 1338 Tu
200 1307 297 1339 facito
322 1311 397 1339 ante
421 1309 521 1340 solem
545 1319 697 1341 occasum
723 1313 758 1341 ut
782 1310 897 1341 uenias
921 1309 1098 1341 aduorsum
1123 1310 1210 1341 mihi.

584 1394 617 1426 M
626 1405 642 1426 e
651 1405 666 1426 s
675 1406 689 1427 s
698 1406 714 1426 e
723 1406 742 1426 n
752 1396 788 1427 io

128 1447 198 1478 Non
223 1451 259 1478 tu
283 1448 364 1480 istas
389 1449 576 1480 meretrices
599 1449 730 1488 nouisti,
756 1459 818 1481 ere.

542 1535 826 1566 Menaechmus

867 1589 951 1621 Tace
975 1590 1108 1631 inquam
1111 1616 1244 1628 .....

128 1641 207 1673 Mihi
232 1642 364 1680 dolebit.
389 1654 452 1674 non
477 1643 546 1681 tibi,
569 1644 595 1675 si
620 1643 697 1684 quid
723 1653 781 1683 ego
806 1643 904 1675 stulte
927 1643 1042 1675 fecero.

128 1696 244 1727 Mulier
257 1697 336 1728 haec
349 1697 451 1728 stulta
463 1702 561 1738 atque
574 1698 691 1729 inscita
703 1702 762 1730 est.
798 1697 961 1735 Quantum
976 1700 1126 1740 perspexi
1140 1699 1245 1737 modo,

127 1750 186 1782 Est
208 1750 260 1782 hic
284 1752 406 1792 praeda
429 1752 530 1783 nobis.

583 1828 784 1861 Messenio

547 1883 647 1922 Perii3
670 1884 777 1915 iamne
802 1883 896 1915 abis?
941 1884 1041 1916 Periit
1064 1885 1175 1926 probe.
1194 1894 1245 1919 430

195 2003 244 2028 422
263 2002 345 2028 MES.
365 2011 413 2029 om.
434 2002 461 2028 B
539 2003 643 2036 negotii
663 2006 706 2029 est
726 2003 836 2029 sussoiri
916 2004 966 2029 423
984 2003 1056 2036 Quid
1075 2012 1126 2037 ego
1147 2013 1201 2037 opu
1222 2005 1242 2029 si

129 2053 196 2078 opus
216 2048 258 2071 ost
278 2046 334 2071 scio
354 2048 384 2071 ut
403 2054 445 2071 me
465 2045 540 2071 dicas
593 2046 728 2079 nequiore
745 2046 780 2077 B,
800 2055 851 2071 nec
870 2047 995 2079 quini-ein
1013 2046 1034 2071 G
1084 2047 1134 2072 424
1153 2047 1243 2080 operis

127 2092 155 2113 et
174 2091 305 2121 quantum
326 2092 406 2122 potes
476 2089 526 2114 425
545 2089 737 2115 deuorsoriam
759 2089 781 2115 0
847 2090 897 2115 426
916 2090 981 2114 solis
1053 2091 1103 2115 428
1123 2089 1191 2115 stult
1209 2089 1243 2122 B,

128 2130 183 2156 stul
203 2128 223 2154 Ο
291 2132 341 2156 429
360 2131 443 2157 insita
463 2133 504 2157 est
573 2132 624 2157 430
643 2132 704 2158 Peri
