1596 2478
139 196 171 229 V,
189 198 213 228 5,
231 197 315 222 5—17
612 195 790 221 Menaechmi.
1193 197 1249 226 221

140 291 239 329 Quem
263 301 321 329 ego
346 289 516 326 hominem,
540 291 565 320 si
591 290 720 330 quidem
744 291 829 327 uiuo,
853 290 922 320 uita
945 289 1093 321 euoluam
1120 300 1188 321 sua.

139 345 200 377 Sed
224 354 283 384 ego
307 343 426 375 stultus
451 354 530 375 sum.
555 345 609 385 qui
637 344 723 374 illius
747 354 816 375 esse
842 344 922 378 dico„
947 354 1031 384 quae
1055 347 1176 382 meast3

139 400 210 431 Meo
234 398 306 430 cibo
329 401 362 430 et
385 401 516 438 sumptu
540 398 728 432 educatust:
754 399 862 429 anima
886 398 1023 438 priuabo
1048 399 1164 430 uirum.
1204 408 1256 432 390

139 453 303 493 Condigne
323 456 430 483 autem
450 452 531 484 haec
548 453 699 484 meretrix
721 451 806 489 feeit,
826 456 862 483 ut
879 463 947 484 mos
966 456 1016 483 est
1035 453 1253 484 meretricius:

139 508 222 546 Quia
244 517 332 547 rogo,
358 506 446 547 palla
469 510 506 538 ut
528 506 690 538 referatur
713 517 840 537 rursum
867 506 906 537 ad
934 517 1066 537 uxorem
1091 517 1204 545 meam,

138 561 216 593 Mihi
241 571 274 592 se
297 561 344 592 ait
367 561 505 592 dedisse.
553 560 601 591 Eu
625 560 738 601 edepol
763 571 802 591 ne
827 571 885 598 ego
910 560 1005 591 homo
1030 562 1106 592 uiuo
1131 562 1238 592 miser.

629 631 758 663 Senex

140 675 256 710 Audin,
280 685 363 715 quae
387 675 553 715 loquitur}>

607 734 786 765 Medicus

567 787 608 819 Se
631 789 783 819 miserum
808 789 986 829 praedicat.

635 859 761 891 Senex

1018 903 1125 935 Adeas
1149 904 1256 935 uelim.

607 961 788 993 Medicus

140 1016 256 1047 Saluos
280 1016 332 1049 sis,
356 1015 572 1046 Menaechme.
615 1015 755 1052 Quaeso.
774 1026 830 1047 cur
849 1021 980 1056 apertas
998 1017 1188 1049 brachium?
1207 1026 1258 1051 895

141 1070 212 1101 Nou
238 1074 273 1100 tu
297 1070 371 1105 scis,
395 1073 552 1110 quantum
576 1070 631 1100 isti
656 1070 768 1101 morbo
791 1080 878 1101 nunc
902 1075 958 1102 tuo
982 1071 1083 1102 facias
1106 1072 1192 1102 mali.

552 1140 839 1172 Menaechmus

141 1194 224 1232 Quin
247 1197 283 1225 tu
306 1197 339 1225 te
364 1194 556 1234 suspendis?

609 1253 642 1285 M
650 1265 667 1286 e
677 1254 713 1286 di
722 1264 739 1285 c
747 1265 766 1285 u
774 1265 789 1286 s

590 1308 715 1349 Ecquid
740 1309 864 1340 sentis?

559 1379 590 1410 M
601 1390 617 1410 e
625 1390 645 1410 u
654 1390 674 1410 a
681 1390 697 1411 e
707 1390 724 1410 c
731 1379 752 1410 h
760 1391 790 1410 m
798 1391 817 1411 u
827 1391 840 1411 s

906 1423 1025 1461 Quidni
1050 1427 1210 1457 sentiam?

610 1481 642 1512 M
651 1493 668 1513 e.
677 1482 696 1513 d
704 1483 714 1513 i
722 1493 739 1513 c
746 1494 766 1513 u
775 1493 789 1513 s

142 1537 211 1567 Non
236 1539 345 1576 potest
368 1535 448 1567 haec
471 1547 523 1567 res
547 1535 681 1567 ellebori
704 1537 814 1573 iugero
839 1538 1025 1577 optinerier.

143 1589 205 1621 Sed
229 1590 305 1630 quid
331 1591 387 1625 ais.
413 1590 644 1621 Menaechme?

567 1660 836 1693 Menaechmus

585 1715 668 1752 Quid
693 1717 743 1747 uis
754 1716 768 1746 ἱ)

607 1779 789 1812 Medicus

716 1835 775 1867 Die
800 1836 877 1867 mihi
901 1837 971 1876 hoc,
996 1837 1085 1878 quod
1109 1841 1141 1869 te
1165 1849 1259 1879 rogo:

142 1887 261 1919 Album
283 1897 326 1918 an
349 1892 455 1919 atrum
480 1889 592 1919 uiuum
615 1890 734 1929 potas?

210 2007 261 2033 838
278 2007 354 2032 uitae
372 2006 483 2032 uoluam
503 2006 526 2033 O
609 2008 658 2033 889
676 2017 737 2034 mea
755 2010 790 2035 sit
877 2011 927 2036 894
947 2009 1001 2036 Sed
1089 2011 1140 2037 SE.
1163 2019 1213 2038 om.
1232 2012 1260 2038 B

142 2050 192 2075 895
211 2049 298 2075 MED.
317 2056 368 2075 om.
387 2047 414 2073 B
485 2048 608 2075 Saluusis
628 2050 650 2076 C
724 2053 775 2077 896
793 2053 878 2078 mobo
899 2052 921 2079 Ο
991 2053 1042 2080 897
1059 2054 1146 2081 ΜΕΝ.
1165 2063 1214 2081 om.
1233 2055 1261 2081 B

212 2094 239 2118 et
257 2091 324 2125 quid
345 2090 366 2117 O
433 2090 519 2116 ΜΕΝ.
539 2090 639 2123 Quidni
658 2093 693 2126 Β,
713 2095 780 2128 quid
799 2104 843 2121 me
863 2095 885 2121 C
958 2097 1009 2121 898
1026 2096 1140 2129 iungere
1210 2099 1261 2123 899

141 2142 248 2167 person.
267 2143 316 2161 om.
386 2140 414 2162 te
433 2144 483 2162 om.
502 2137 529 2162 B
