1596 2478
138 188 188 222 III,
207 190 231 221 2,
252 189 385 216 116--125
599 189 780 216 Mostellaria.
1191 188 1250 218 123

619 284 766 315 Tranio

219 337 346 369 Morare
371 338 493 377 hercle3
516 337 610 370 uerba
633 338 724 369 facis.
771 337 986 379 Subsequere.

548 406 837 446 Theopropides

1049 447 1132 479 Fiat.

135 491 183 523 Do
206 492 266 523 tibi
290 502 348 532 ego
373 502 514 533 operam.

624 545 764 577 Tranio

433 599 537 631 Senex
562 600 629 631 illic
652 605 710 631 est.
757 599 825 638 Em,
850 599 970 630 adduxi
994 599 1156 630 hominem
1179 597 1249 630 tibi.

636 667 743 700 Simo

134 721 266 754 Saluom
289 725 321 754 te
345 722 516 754 aduenisse
541 732 674 764 peregre
698 721 835 761 gaudeo,
859 721 1112 762 Theopropides.
1199 729 1251 755 ’190

540 790 842 832 Theopropides

132 833 172 864 Di
196 837 228 865 te
251 837 370 866 ament.

635 892 740 925 Simo

394 947 558 989 Inspicere
581 948 644 979 iste
668 946 759 978 aedis
783 950 814 979 te
836 946 896 978 has
919 947 1002 978 uelle
1027 947 1138 978 aiebat
1161 946 1248 978 mihi.

539 1018 844 1060 Theopropides

131 1072 202 1104 Nisi
226 1073 285 1105 tibi
309 1076 358 1106 est
380 1073 628 1106 incommodum.

635 1132 739 1165 Simo

458 1187 559 1219 Immo
583 1186 798 1218 commodum.
843 1187 857 1218 Ι
881 1187 967 1219 intro
992 1191 1089 1228 atque
1113 1188 1247 1228 inspice.

537 1247 844 1288 Theopropides

131 1301 172 1333 At
194 1302 278 1333 enim
301 1301 454 1334 mulieres
477 1319 517 1323 —

632 1360 738 1393 Simo

550 1415 638 1447 Cane
662 1419 698 1447 tu
722 1415 821 1447 ullam
844 1414 938 1447 flocci
961 1415 1044 1448 faxis
1067 1416 1246 1448 mulierem.

131 1468 285 1507 Qualibet
307 1470 500 1511 perambula
524 1470 613 1501 aedis
637 1470 757 1511 oppido
781 1473 949 1511 tamquam
973 1476 1056 1502 tuas.

537 1529 842 1571 Theopropides

129 1572 332 1613 Tamquam?

611 1632 758 1664 Tranio

308 1687 367 1724 Ah,
393 1697 472 1719 caue
497 1691 533 1718 tu
556 1687 603 1718 illi
627 1687 774 1719 obiectes
797 1698 882 1718 nunc
906 1688 938 1718 in
962 1688 1178 1727 aegritudine,
1198 1696 1248 1722 ’795

129 1741 172 1772 Te
191 1741 249 1772 has
268 1742 393 1773 emisse.
428 1741 500 1773 Non
519 1746 554 1773 tu
573 1741 666 1773 uides
685 1742 778 1779 huuc,
798 1741 889 1773 uoltu
909 1746 945 1773 ut
962 1743 1049 1774 trist-i
1068 1744 1109 1773 sit
1128 1743 1247 1774 senex?

537 1801 847 1842 Theopropides

129 1843 242 1876 Uideo.

195 1964 246 1989 788
264 1963 358 1989 hercle
456 1964 524 1990 facis
624 1964 674 1990 fiat
692 1972 742 1991 om.
762 1963 788 1990 Β
889 1966 938 1990 789
957 1964 1008 1990 tibi
1028 1973 1114 1990 senex
1133 1973 1246 1998 operam

129 2015 211 2032 senex
230 2005 257 2031 Β
318 2006 379 2032 hem
400 2006 426 2032 Β
488 2007 538 2032 tibi
559 2007 659 2033 adduxi
680 2008 820 2033 hominem
884 2009 934 2033 790
954 2007 1135 2040 theuropides
1197 2009 1243 2033 791

130 2049 160 2075 H.
182 2048 231 2074 Dei
252 2048 278 2074 Β
340 2050 476 2083 inspicere
496 2054 523 2076 te
543 2051 575 2082 B,
596 2051 762 2084 inspicerent
784 2050 805 2076 Ο
871 2050 942 2076 belle
962 2050 995 2082 B,
1016 2051 1096 2076 bellae
1117 2050 1139 2077 Ο
1197 2052 1247 2077 792

129 2092 179 2117 tibi
198 2092 402 2118 incommodum
423 2095 471 2119 est.
525 2093 557 2118 H.
577 2094 662 2119 immo
681 2094 865 2119 commodum.
887 2093 913 2118 S.
935 2093 1011 2119 Intro
1030 2093 1056 2119 A
1108 2095 1158 2120 793
1177 2093 1244 2120 fl0x>

129 2133 276 2160 cifstifaxis
294 2134 321 2160 B
373 2135 423 2160 796
442 2138 483 2162 est
