1561 2473
637 187 667 212 V.
687 187 830 213 846—881.
1231 188 1293 218 435

256 283 326 310 867.
362 283 457 311 Senex
487 283 630 312 medicum
662 283 827 312 arcessivit.
884 283 991 311 Primis
1019 291 1071 311 sex
1100 282 1234 310 versibus
1257 282 1294 310 de

170 342 251 361 mora
274 334 410 370 queritur
433 334 488 362 sibi
511 335 590 373 apud
615 335 760 363 medicum
785 333 898 362 obiecta
921 337 950 361 et
974 335 1090 362 inanem
1114 332 1293 361 medicorum

170 384 342 412 iactantiam
368 385 454 413 ridet.
476 400 516 405 —
537 386 606 414 867,
633 385 703 414 Post
730 382 898 420 „sedendo“
924 384 1024 412 hiatur
1047 384 1077 412 in
1101 393 1221 413 caesura.
1258 384 1292 412 R.

173 433 250 469 „mi“
277 435 421 471 addebat3
447 436 582 464 Mueller.
611 436 704 471 „illi·¹,
729 437 747 463 i.
773 446 797 464 e.
823 435 902 473 apud
927 435 1088 471 medicum;
1115 433 1292 472 „oculique“

170 487 331 520 Ausonius,
368 486 443 514 Lud.
468 486 522 515 VII
546 486 735 525 Sepientum,
771 486 883 515 Chilon.
912 488 944 522 1;
980 486 1031 515 sed
1061 486 1168 524 Haupt.
1194 486 1293 515 Herm.

171 536 192 563 V
218 548 245 575 p.
273 538 330 565 176
356 537 582 571 animadvertit,
612 538 686 567 hanc
709 538 831 566 Ausonii
863 538 1099 566 emendationem
1124 538 1228 566 videri.
1255 553 1291 557 —

168 585 336 625 spectando
360 588 523 617 Saracenus
547 599 617 623 eui„
652 599 717 617 unm
750 591 920 625 exspectare
950 598 1008 617 non
1040 591 1085 617 est
1113 589 1293 627 prospicere.

172 654 209 658 -—
241 641 301 668 870
326 650 369 677 sq.
406 639 539 668 Medicus
564 640 648 668 nobis
672 640 853 677 proponitur
877 649 969 668 vanus
992 642 1021 667 et
1044 639 1205 676 gloriosus,
1243 641 1293 678 qui

169 701 200 719 se
221 691 291 719 deos
316 693 396 729 ipsos
420 692 492 719 artis
516 691 668 720 medicinae
692 693 828 719 auctores
852 700 969 719 curasse
992 691 1147 727 gloriatur.
1199 691 1294 720 Senex

169 746 276 778 eutem,
300 743 323 770 si
345 742 475 779 Apollini
494 742 656 777 brachium,
681 742 852 779 AEsculapio
871 751 937 769 crus
955 742 1080 770 fractum
1104 742 1292 780 obligaverit,

169 794 211 822 uit
234 804 299 821 eum
324 794 425 831 potius
450 797 565 822 statues
590 794 711 822 deorum
735 803 823 831 quam
847 794 926 830 ipsos
951 793 1021 822 ‹leos
1045 803 1161 822 curasse
1189 794 1292 829 videri,

169 845 344 882 fabrumque
379 846 476 882 potius
506 855 594 882 quem
624 844 767 872 medicum
797 844 1009 881 appellandum
1041 854 1112 874 esse.
1147 860 1185 864 —
1222 846 1292 874 872.

172 896 335 931 „medicum
361 894 500 930 dueere“‚
530 898 643 924 mutato
668 895 771 924 ordine
796 895 880 923 Both.
905 898 934 923 et
958 895 990 923 R.
1029 910 1065 915 —-
1103 896 1173 925 873.
1210 895 1292 930 Quod

169 957 258 976 senex
283 947 428 976 medicum
453 957 510 975 non
534 957 630 974 secum
661 947 757 982 ducit,
793 946 843 974 sed
875 956 940 975 eum
969 946 1133 982 antecedit,
1169 956 1293 985 occupe-

169 999 315 1027 tissimum
343 1008 405 1026 esse
435 999 582 1026 hominem
613 998 780 1026 audivimus
809 1001 837 1025 et
869 998 970 1026 multis
999 999 1126 1036 negotiis
1156 998 1292 1027 detineri.

169 1050 228 1078 Iam
254 1051 373 1078 advenit
397 1059 559 1088 properans
584 1049 771 1077 formicarum
797 1058 892 1085 more,
928 1050 978 1086 qui
1009 1051 1144 1087 quamvis
1173 1051 1294 1078 minutis

168 1101 310 1138 gradibus
340 1102 539 1129 festinationis
569 1101 696 1138 speciem
720 1100 861 1138 praebent.
921 1100 1023 1129 mouet
1045 1100 1171 1137 Pylades
1195 1111 1293 1129 emen-

169 1153 261 1180 davit.
317 1153 530 1190 Imperativus,
561 1161 648 1189 quem
679 1151 768 1179 etiam
792 1151 961 1180 Priscianus
985 1151 997 1179 1
1020 1162 1048 1189 p.
1074 1152 1135 1180 594
1166 1152 1293 1187 exhibet,

168 1206 229 1232 tum
259 1203 353 1232 locum
387 1203 523 1238 haberet,
560 1204 584 1230 si
616 1212 726 1230 moram
756 1205 785 1230 et
814 1203 967 1239 segnitiem
999 1202 1112 1231 medico
1141 1203 1295 1239 obiiceret,

168 1254 220 1282 sed
243 1255 432 1283 formicarum
457 1253 567 1291 gradus
591 1263 649 1281 non
674 1256 742 1282 sunt
765 1253 848 1288 lenti,
879 1263 933 1281 nec
955 1256 1080 1291 propter
1103 1254 1294 1292 exiguitatem

168 1305 321 1334 tarditatis
344 1306 496 1343 exemplar
519 1315 582 1334 esse
605 1307 741 1342 possunt,
764 1307 798 1332 ut
821 1305 926 1333 volunt
949 1305 1137 1342 interpretes.
1184 1305 1295 1334 Weisio

169 1367 271 1385 versus
296 1357 441 1386 867—73
466 1357 584 1394 spurios
607 1356 729 1384 habenti
753 1355 894 1383 accedere
917 1365 976 1383 non
1000 1355 1104 1384 audeo.

255 1409 325 1436 874,
362 1415 430 1437 esse
453 1407 519 1436 edd.
545 1408 613 1436 inde
638 1417 653 1434 a
678 1407 740 1435 Pio.
786 1406 836 1434 R.:
871 1406 934 1441 „illi
958 1405 1051 1436 esse“.
1099 1405 1236 1445 dixeras,
1267 1419 1294 1438 v.

173 1460 262 1487 1075.
287 1470 353 1488 ann.
379 1459 416 1487 ad
440 1459 547 1495 Amph.
569 1459 628 1486 379
653 1462 682 1486 et
705 1458 744 1486 ad
767 1457 849 1486 Pers.
875 1458 946 1486 573.
980 1458 1087 1486 Bacch.
1103 1460 1172 1487 952.
1209 1459 1293 1498 Capt.

172 1512 241 1539 194.
288 1510 346 1539 Cic.
371 1510 452 1539 Orat.
479 1511 528 1540 29.
562 1511 630 1538 101.
677 1509 759 1537 Verr.
784 1508 833 1544 IV,
859 1510 907 1543 22,
933 1510 983 1537 48.
1035 1509 1102 1538 Fin.
1126 1510 1163 1545 ΙΙ,
1191 1512 1218 1546 6,
1246 1512 1294 1539 l7.

169 1562 239 1591 Caes.
264 1562 297 1590 B.
322 1562 356 1590 G.
381 1561 418 1597 ΙΙ,
447 1563 472 1589 1.
500 1576 536 1580 -
569 1562 639 1589 875.
672 1556 827 1588 laruatust
849 1559 882 1588 R.
908 1557 1049 1589 laruatus
1073 1560 1126 1589 aut
1149 1559 1293 1597 cerritus,

169 1623 195 1642 v.
211 1613 247 1641 ad
260 1613 367 1651 Amph.
383 1614 442 1641 769
462 1622 504 1650 sq.
519 1627 558 1631 —
579 1613 650 1640 876.
676 1611 821 1639 aeternus
839 1612 908 1640 olim
933 1622 998 1647 em.⁷
1023 1613 1058 1641 cf.
1074 1612 1145 1641 Hor.
1158 1612 1257 1650 Epist.
1270 1612 1294 1649 Ι,

170 1666 197 1699 8,
226 1666 272 1693 10.
319 1671 400 1702 aqua
422 1662 570 1698 intercus,
596 1663 654 1691 Cic.
679 1662 735 1690 Off.
759 1661 812 1697 ΙΙΙ,
839 1663 887 1697 24,
913 1663 962 1691 92.
987 1678 1027 1682 —
1057 1664 1128 1692 879.
1150 1670 1219 1692 mea
1241 1670 1294 1701 eqo

169 1713 204 1744 id
226 1716 289 1744 cod.
310 1716 343 1750 D,
369 1716 414 1743 ed.
433 1725 478 1752 pr.
504 1730 543 1733 —
569 1714 638 1742 881.
664 1712 710 1742 Ab
734 1713 790 1741 hoc
812 1723 909 1749 versu,
934 1724 991 1743 non
1015 1725 1032 1743 a
1055 1716 1201 1752 proximo,
1226 1714 1292 1743 edd.

168 1766 275 1795 medici
300 1767 389 1795 verba
413 1767 574 1803 incipiunt,
605 1767 698 1798 recte,
723 1766 757 1791 ut
782 1764 910 1798 videtur,
934 1765 985 1793 sed
1011 1763 1204 1804 „suspirabo“
1231 1775 1293 1794 cor-

169 1821 289 1856 ruptum
321 1821 380 1855 est,
416 1827 468 1845 nec
498 1819 549 1845 aut
579 1825 642 1843 cum
668 1814 755 1842 Both.
782 1814 985 1852 ‚,suspirabis“
1012 1819 1064 1845 aut
1094 1826 1158 1845 cum
1182 1816 1293 1845 Weisio

173 1868 371 1906 ‚‚suspirabit“
387 1868 584 1897 scribendum.
620 1865 748 1894 Ritsch.:
777 1865 871 1900 „Quin
889 1866 1040 1904 sospitabo
1059 1868 1125 1904 plus
1143 1870 1294 1896 sescentos

169 1921 198 1948 in
222 1920 301 1955 die“,
331 1921 349 1948 i.
375 1930 398 1948 e.
424 1930 510 1948 sanos
539 1918 659 1951 faciam3
694 1916 746 1944 sed
774 1919 837 1944 tum
866 1927 1003 1946 versuum
1036 1919 1110 1947 ordo
1133 1918 1292 1947 mutandus

169 1974 228 2005 θεὶς
263 1971 296 1999 R.
322 1971 399 1999 hunc
421 1973 490 2008 post
515 1970 574 1998 878
599 1969 713 2006 Posuit,
744 1970 807 1995 tum
832 1968 892 1997 880
916 1972 984 1998 ante
1009 1970 1079 1999 879.
1136 1969 1292 1998 Meliorem

169 2023 245 2050 viam
274 2023 424 2059 ingressus
455 2021 591 2059 Seyffert.
616 2021 723 2049 Philol.
747 2020 829 2048 XXV
858 2032 886 2059 p.
917 2022 993 2050 452:
1032 2021 1126 2057 „Quin
1154 2020 1293 2058 suppedi-

168 2073 237 2101 tabo
261 2073 328 2110 plus
353 2076 486 2101 sescenta
509 2074 536 2101 ei
560 2073 590 2100 in
610 2070 695 2107 die“;
719 2071 771 2099 sed
796 2072 877 2100 aliud
900 2072 1023 2100 verbum
1045 2072 1176 2110 positum
1201 2071 1292 2100 fuisse

169 2124 297 2160 videtur,
316 2125 442 2152 fortasse
459 2123 669 2158 „mustilabo“‚
687 2123 900 2159 μυο-ιιλίσομαι;
924 2123 966 2151 sic
984 2123 1169 2159 scripserim:
1198 2122 1292 2157 „Quin

1036 2177 1088 2204 28*
