1596 2478
317 198 375 227 176
790 195 953 223 Cistellaria.

314 293 467 322 comoedia
501 293 548 321 Gli
579 293 782 326 Iucantesimi,
817 303 845 322 v.
877 293 965 322 Ruth.
1003 295 1108 324 Gesch.
1144 295 1198 323 der
1230 295 1435 324 italifinischen

313 344 415 373 Poesie
438 344 465 372 Π
489 354 518 382 p.
544 345 613 372 583.

400 446 594 474 Personarum
619 447 737 475 nomina
760 446 863 475 Graeca
885 452 961 476 sunt.
1019 448 1136 482 Puella,
1161 449 1243 476 cuius
1273 457 1362 476 causa
1384 457 1437 486 pei·

312 500 405 525 totam
429 497 558 525 fabulam
583 498 726 533 agitetur,
751 495 912 526 Selenium
936 499 1054 534 dicitur,
1078 499 1096 527 i.
1111 509 1135 527 e.
1148 500 1283 534 Σεληνίον,
1311 498 1435 533 Lunum,

312 548 497 576 deminutiva
519 548 615 576 forma
638 550 765 576 nominis
784 549 872 586 vulgo
892 550 953 578 noti
973 549 1094 584 Selenoe,
1119 560 1146 578 v.
1167 560 1190 577 c.
1210 549 1269 578 Cic.
1289 548 1372 577 Verr.
1387 548 1435 584 IV,

314 599 362 635 27,
377 600 425 627 (il.
461 598 582 627 sueton.
597 599 689 635 Cnlig.
705 601 754 628 26.
790 600 847 628 Sed
860 601 934 628 miro
948 611 1047 628 errore
1060 601 1088 628 in
1102 600 1286 629 editionibus
1300 599 1437 628 omnibus

315 647 496 685 „Silenium“
511 650 660 685 scribitur,
685 651 773 678 etium
788 651 866 688 apud
879 652 1014 686 Pru-euin,
1034 653 1084 688 qni
1102 654 1200 679 tamen
1219 651 1347 679 nominis
1360 650 1436 678 deri-

313 701 461 729 vationem
480 703 559 729 recte
579 701 734 729 intellexit.
778 702 855 730 Vera
873 703 1000 730 nominis
1020 703 1115 730 forma
1134 702 1309 740 plerumque
1326 701 1437 739 legitur

313 756 342 780 et
360 753 389 779 in
407 751 431 779 B
450 754 481 779 et
498 751 523 780 E
542 755 571 780 et
590 752 617 788 Ι,
643 755 733 790 atque
752 753 838 781 etium
858 754 887 781 in
900 754 940 787 A3
963 754 1133 782 testimonia
1157 755 1292 781 accurate
1316 752 1436 788 collegit

312 802 533 831 Studemundus
567 803 630 831 lnd.
664 803 755 832 schol.
791 804 957 841 Gryphisw.
998 805 1162 832 1871—72
1197 814 1224 841 p.
1254 805 1281 832 7.
1350 803 1437 838 Quod

312 858 409 882 autem
451 854 529 891 apud
563 854 746 882 Priscianum
776 854 804 882 X
838 866 866 893 p.
899 856 959 883 898
995 855 1094 883 eudem
1130 854 1284 892 Antiphila
1318 855 1436 890 dieitur,

312 905 341 933 id
370 906 469 942 potius
498 915 533 932 ex
556 915 657 933 errore
680 905 827 933 scribendi
851 915 938 942 quam
963 917 998 934 ex
1023 906 1155 934 mutandi
1185 905 1308 934 consilio
1337 909 1435 933 ortum

312 956 444 991 videtur,
480 966 506 983 v.
532 956 569 984 ud
593 966 619 984 v.
648 957 671 984 1.
742 956 846 984 Amica
880 957 942 984 eius
981 954 1191 994 Gymnasimn
1224 958 1282 992 θεῖς
1324 956 1434 985 Bitsch.

311 1006 419 1044 Opusc⁴
444 1007 472 1034 ΙΙ
495 1017 523 1044 p.
554 1007 615 1035 484
648 1006 891 1041 ‚,Guininnsium“
929 1008 1037 1042 voluit,
1073 1009 1152 1045 quod
1187 1008 1251 1035 iure
1286 1007 1437 1045 improbat

311 1057 447 1095 Spengel.
471 1057 718 1086 Reforinvorsehl.
744 1068 772 1095 p.
799 1059 869 1086 264.
927 1056 1084 1087 Melaenis
1113 1062 1207 1087 mutor
1236 1058 1314 1093 eius,
1345 1058 1434 1095 quod,

309 1111 334 1138 si
357 1119 448 1147 supra
477 1113 555 1137 recte
579 1109 681 1145 Syram
711 1109 801 1137 fuisse
831 1110 973 1147 suspicati
1002 1119 1118 1144 suiuus,
1154 1119 1171 1137 a
1199 1109 1280 1137 fusco
1311 1108 1435 1145 Syriscae

310 1160 407 1188 colore
431 1161 526 1197 repeti
550 1164 658 1198 potest.
705 1160 812 1188 Servus
837 1163 882 1188 est
905 1156 1089 1196 Lampadio,
1116 1171 1142 1188 v.
1167 1161 1238 1188 428.
1265 1160 1336 1188 491.
1362 1160 1433 1195 608,

310 1212 357 1240 vel
385 1212 567 1239 deminutiva
597 1212 692 1239 foi-ma
721 1207 968 1246 Lampadio·ch
1002 1221 1028 1239 v.
1062 1212 1136 1246 375,
1171 1212 1206 1239 cf.
1238 1210 1434 1239 Studeinund.

310 1262 374 1291 Ind.
393 1262 483 1290 schol.
503 1261 668 1299 Grypliisw.
690 1263 856 1290 1871—72
875 1272 902 1299 p.
924 1264 951 1296 6,
976 1259 1230 1290 Alcesimarchus
1252 1261 1433 1294 adolescens.

311 1315 329 1342 i.
355 1324 379 1341 e.
402 1313 619 1349 ἶιΙλκησιζιιαρχος,
642 1323 820 1350 quamquam
845 1313 930 1341 codd.
952 1316 1123 1341 constanter
1143 1311 1431 1348 ‚‚Alchesimm·cum“

311 1364 461 1402 praebent3
484 1365 519 1392 cf.
544 1364 708 1393 Alcesiiiius
731 1364 852 1392 Casinae.

745 1553 1003 1585 Argumentum

309 1637 503 1665 acrostichon.
553 1638 578 1665 1.
604 1633 756 1665 Lemnius
780 1634 963 1674 Sicyonium
986 1636 1052 1664 edd.
1077 1651 1118 1655 —
1144 1636 1170 1664 2.
1195 1634 1328 1673 nuptiis,
1353 1637 1432 1665 iusto

309 1689 505 1716 matrimonio.
536 1702 576 1707 —
607 1689 634 1716 7.
663 1685 797 1724 spondet
820 1688 916 1723 Both„
947 1687 981 1715 cf.
1007 1687 1087 1715 Triu.
1118 1689 1206 1716 1157.
1232 1703 1273 1706 —
1303 1688 1330 1715 8.
1356 1695 1430 1723 pro-

307 1737 444 1768 izwiiciae
468 1739 544 1775 edd„
568 1739 603 1767 cf.
632 1740 701 1767 189.
725 1753 765 1758 —
792 1740 838 1767 10.
864 1735 975 1776 Itaque
997 1738 1091 1766 altera
1114 1738 1278 1776 producta;
1316 1736 1428 1775 „hanc“

308 1790 375 1819 add.
400 1790 466 1818 Ald.
490 1790 525 1818 ul.
554 1804 590 1809 -
619 1791 666 1819 ll.
691 1790 726 1819 ut
748 1789 815 1818 erat
836 1790 954 1825 nactus,
978 1792 1011 1818 ut
1035 1792 1122 1818 autea
1146 1790 1258 1818 habuit.

392 1935 508 1964 Fabula
530 1946 547 1963 a
570 1936 685 1964 cantico
708 1935 821 1973 incipit.
861 1935 939 1962 1—3
964 1934 1129 1962 tetrainetri
1150 1934 1310 1962 bacchiaci.
1345 1935 1428 1962 4—5

306 1986 474 2015 trochaicus
498 1987 633 2015 senarius
657 1996 720 2014 cuin
741 1987 922 2024 septenario.
969 1987 1049 2013 ‹3—-7
1075 1985 1243 2013 trochaicus
1260 1985 1430 2013 octonarius

306 2047 370 2065 cuni
405 2038 582 2075 septenario.
645 2039 662 2065 8
697 2037 892 2075 anapaesticus
927 2036 1061 2064 dimeter.
1124 2037 1140 2064 9
1177 2036 1357 2074 compositus
1392 2045 1428 2064 ex

306 2087 421 2116 duobus
449 2089 605 2125 anapaestis
634 2092 664 2116 et
693 2088 924 2126 penthemimere
948 2087 1084 2115 iambico.
1150 2088 1185 2114 10
1211 2087 1336 2115 dimeter
1359 2085 1427 2114 bac-

305 2139 422 2167 chineus
446 2149 509 2167 cuin
535 2139 768 2176 penthemimere
791 2138 924 2167 iambico.
980 2140 1013 2166 ll
1048 2138 1221 2166 bacchiacus
1245 2141 1426 2165 tetrameter.
