1596 2478
128 169 148 199 Ι,
167 170 191 200 3,
213 169 312 194 18-33
604 168 781 194 Mostellaria.
1211 171 1250 200 77

559 261 824 294 Philolaches

128 317 214 356 Ergo
227 317 268 348 ob
281 317 365 348 istuc
378 316 511 347 uerbum
526 320 567 353 te,
587 316 725 357 Scapha,
745 316 874 347 donabo
888 327 947 357 ego
960 317 1057 348 hodie
1070 316 1182 357 aliqui,
1203 325 1252 349 170

127 371 239 412 Neque
264 370 372 411 patiar
394 373 427 401 te
451 371 556 401 istanc
579 371 695 407 gratiis
719 370 884 408 laudasse,
909 380 993 410 quae
1017 370 1125 411 placet
1148 370 1201 401 mi.

547 422 830 455 Philematium

127 478 211 510 Nolo
234 488 293 517 ego
316 480 348 509 te
371 477 537 508 adsentari
561 477 647 508 mihi.

611 530 770 571 Scapha

597 584 701 616 Nimis
725 588 760 616 tu
785 585 916 624 quidem
941 585 1041 617 stulta
1067 596 1101 617 es
1125 586 1249 617 mulier.

128 639 197 671 Eho
221 648 262 670 tm
286 640 390 670 mauis
414 640 632 679 uituperarier
655 638 737 670 falso
762 648 858 679 quam
882 649 961 670 uero
987 639 1123 670 extolli?

128 693 286 733 Equidem
311 693 364 733 pol
387 693 440 724 uel
465 693 545 723 falso
569 696 676 723 tamen
702 693 827 723 laudari
853 693 955 723 multo
981 693 1064 724 111an

128 746 232 784 Quam
256 757 334 778 uero
360 747 487 787 culpari
512 751 570 778 aut
594 757 697 778 meam
722 747 865 786 speciem
889 746 971 777 alios
998 747 1148 778 inridere.
1203 757 1251 781 175

549 799 825 831 Philematium

128 853 195 893 Ego
219 864 333 885 uerum
357 865 444 892 amo3
469 865 584 885 uerum
608 854 684 884 uolo
708 854 771 884 dici
798 853 890 891 mihi;
915 854 1103 885 mendacem
1127 854 1191 885 odi.

610 907 770 947 Scapha

127 962 179 993 lta
196 965 232 993 tu
251 972 301 993 me
321 972 418 998 ames,
442 963 489 992 ita
507 961 712 992 Philolaches
731 965 807 992 tuus
826 964 858 992 te
877 965 973 995 amet,
993 964 1029 991 ut
1048 965 1190 993 uenusta
1207 973 1250 993 es.

559 1021 820 1051 Philolaches

127 1074 212 1112 Quid
246 1076 310 1111 ais,
345 1075 506 1106 scelesta?
541 1075 704 1115 quomodo
740 1074 926 1105 adiurasti'?
959 1075 1008 1105 ita
1043 1084 1102 1113 ego
1133 1074 1230 1104 istam

844 1128 1011 1159 amarem?

128 1182 237 1220 Quid?
263 1183 319 1214 ‘ita
331 1182 413 1213 haec
428 1182 487 1213 me'
500 1182 532 1213 id
546 1192 603 1213 cur
615 1193 678 1213 non
693 1182 896 1213 additumst?
920 1181 1046 1213 Infecta
1058 1181 1145 1211 dona
1157 1179 1250 1211 facio.

128 1236 217 1268 Perit
239 1236 338 1272 istud,
363 1236 451 1277 quod
476 1237 690 1276 promiseram
714 1236 790 1272 tibi3
814 1235 900 1266 dona
924 1235 1106 1275 perdidisti.
1203 1242 1252 1267 180

610 1295 767 1335 Scapha

127 1349 286 1390 Equidem
301 1349 352 1390 pol
367 1350 467 1380 miror
479 1352 545 1379 tam
559 1352 676 1385 catam,
692 1353 759 1380 tani
773 1349 901 1380 doctam
916 1352 948 1379 to
961 1351 994 1379 ct
1007 1348 1088 1379 bene
1101 1347 1250 1379 eductam

127 1403 218 1434 Nunc
241 1403 374 1434 stultam
398 1403 498 1434 stulte
522 1403 637 1434 facere.

547 1462 829 1494 Philematium

632 1516 715 1553 Quin
740 1526 834 1547 mone
858 1526 990 1556 quaeso.
1015 1517 1042 1547 si
1066 1516 1145 1557 quid
1169 1526 1249 1547 erro.

609 1575 771 1616 Scapha

129 1629 176 1660 Tu
191 1632 319 1660 ecastor
331 1635 431 1663 erras',
449 1639 534 1670 quae
548 1629 678 1669 quidem
692 1629 785 1660 illum
799 1632 967 1669 exspectes
979 1640 1079 1660 unum
1092 1633 1192 1670 atque
1205 1629 1253 1660 illi

130 1683 252 1715 Morem
276 1684 452 1724 praecipue
476 1684 523 1714 sic
547 1693 641 1721 geras
666 1687 764 1724 atque
789 1683 871 1714 alios
895 1683 1090 1723 asperneris.

129 1737 307 1773 Matronae,
326 1748 390 1769 non
408 1737 627 1768 meretricium
647 1741 696 1768 est
714 1747 813 1768 unum
833 1737 991 1767 inseruire
1008 1740 1181 1768 amantem.
1203 1739 1251 1770 18'5

200 1848 249 1873 170
267 1848 302 1873 ob
320 1847 375 1873 hoc
394 1847 510 1873 uerbum
566 1848 612 1873 171
631 1847 703 1872 hanc
724 1846 746 1872 Ο
795 1846 882 1879 gratis
936 1846 1032 1871 laudes
1052 1854 1137 1879 seque
1155 1846 1183 1872 B

132 1890 202 1916 mihi
273 1891 322 1915 172
340 1890 408 1915 mihi
426 1892 454 1916 te
473 1890 608 1915 assentari
628 1889 650 1916 0
717 1889 829 1922 quidem
848 1891 878 1914 tu
900 1888 922 1914 G
991 1889 1039 1914 173
1058 1897 1093 1914 an
1113 1896 1164 1915 om.

130 1933 282 1966 uituperari
360 1934 407 1957 174
426 1931 546 1957 PHILE.
565 1931 703 1965 Equidem
784 1932 832 1956 176
850 1930 971 1956 PHILE.
992 1938 1041 1956 om.
1123 1933 1170 1957 177
1189 1941 1251 1958 mea

131 1984 174 2001 me
193 1976 245 2001 sita
264 1974 291 2000 Β
374 1979 449 2000 amat
469 1974 490 2000 C
577 1975 626 1999 179
645 1974 715 2006 Quid
734 1975 788 1999 ista
808 1974 874 1999 haec
958 1982 1001 1999 me
1021 1982 1087 1999 cura
1104 1973 1140 2006 B,
1158 1983 1202 2000 me
1222 1975 1251 2000 id

131 2026 198 2043 cura
217 2017 238 2044 0
330 2018 378 2043 180
398 2017 481 2043 Per..
493 2038 498 2043 .
510 2017 546 2042 sti
565 2017 600 2047 Β,
617 2016 719 2042 Peristi
741 2016 762 2042 Ο
859 2018 903 2041 181
925 2019 1035 2049 captam
1123 2017 1208 2042 docta
1226 2017 1252 2043 B

131 2059 202 2086 bene
221 2059 333 2086 doctam
405 2060 452 2085 182
470 2059 534 2085 Non
553 2059 606 2085 stai
625 2062 681 2085 tam
754 2060 801 2084 184
821 2059 928 2084 Moram
948 2057 974 2083 Β
1044 2067 1144 2091 gerens
1164 2059 1186 2086 C

133 2110 294 2136 asper-neree
342 2131 346 2134 ⁴
366 2103 414 2128 185
432 2102 617 2128 metior-icium
636 2101 658 2127 C

1574 2128 1584 2276 l
