1596 2478
138 179 185 208 IV,
209 181 230 211 l,
252 179 350 205 17—24
637 177 778 211 Epidicus.
1220 181 1260 210 45

577 270 820 310 Periphanes

139 327 222 358 Anni
248 326 340 358 multi
365 325 498 357 dubiam
521 325 670 357 reddunt.

602 400 793 442 Philippa

583 455 696 495 Longa
719 455 790 486 dies
813 466 919 487 meum
943 456 1085 488 incertat
1107 457 1262 489 animum.

578 531 822 571 Periphanes

139 587 232 618 Hanc
255 586 449 626 congrediar
472 589 554 617 astu.

603 653 795 695 Philippa

592 707 762 739 Muliebris
787 708 973 740 adhibenda
999 709 1132 740 malitia.

579 783 823 823 Periphanes

140 838 350 880 Conpellabo.

605 897 629 929 P
636 897 658 928 h
667 899 676 929 i
686 898 694 928 l
705 899 715 929 i
725 910 744 938 p
754 910 773 939 p
782 909 802 929 a

389 951 554 983 Orationis
578 952 682 982 aciem
707 956 823 983 contra
847 952 1021 984 conferam.
1216 963 1267 988 545

586 1027 824 1067 Periphanes

143 1082 244 1114 Salua
266 1083 319 1114 sis.

606 1141 798 1182 Philippa

368 1195 516 1227 Salutem
539 1196 665 1236 accipio
690 1195 770 1227 mihi
794 1199 828 1227 et
851 1197 942 1228 meis.

574 1271 828 1313 Periphanes

990 1327 1073 1365 Quid
1099 1329 1267 1359 ceterum?

609 1386 798 1426 Philippa

144 1440 260 1472 Saluos
284 1441 341 1479 sis3
368 1440 455 1482 quod
480 1440 662 1478 credidisti,
685 1440 796 1472 reddo.

575 1517 832 1558 Periphanes

845 1570 941 1602 Haud
966 1581 1084 1603 accuso
1107 1572 1214 1604 fidem.

144 1625 251 1656 Nouin
276 1635 335 1665 ego
358 1625 415 1656 te‘?

607 1684 800 1726 Philippa

415 1737 449 1769 Si
472 1748 531 1778 ego
554 1742 587 1770 te
609 1739 696 1778 noui,
718 1739 862 1773 animum
885 1739 1046 1777 inducam,
1069 1742 1108 1771 ut
1128 1741 1269 1772 noueris.

576 1814 833 1856 Periphanes

147 1867 209 1900 Ubi
232 1871 265 1899 te
288 1868 445 1900 uisitaui‘?

213 1987 264 2012 543
281 1989 398 2013 extremo
417 1987 545 2013 additur:
572 1987 614 2013 sin
634 1990 694 2014 east
712 1997 776 2022 qam
795 1989 904 2015 incerto
924 1990 1018 2015 animo
1037 1989 1071 2021 B,
1096 1989 1228 2016 sedneast
1246 1991 1273 2016 Α

145 2029 195 2054 544
213 2029 372 2055 adhihenda
390 2030 458 2055 mihi
476 2030 588 2055 malicia
606 2039 680 2057 nune
699 2033 743 2056 est
876 2032 926 2057 545
947 2032 1128 2065 Compellabo
1149 2033 1271 2058 SENEK

147 2071 197 2097 546
215 2072 269 2097 seis
288 2071 315 2097 A
393 2073 444 2099 548
462 2072 548 2099 MUL.
566 2072 658 2099 Nouin
677 2072 713 2104 B,
733 2074 848 2106 indeque
866 2075 896 2100 in
913 2074 1049 2107 pravimis
1066 2083 1191 2108 personae
1207 2083 1269 2108 per-

146 2117 266 2140 mutatae.
338 2114 379 2140 uti
398 2114 426 2140 B
