1596 2478
145 160 192 191 lv,
212 161 236 193 2,
255 161 341 187 6—16
642 159 784 193 Epidicus.
1231 160 1271 190 49

578 252 830 293 Periphanes

662 306 753 338 Cur?

606 383 800 423 Philippa

759 436 843 473 Quia
868 446 926 475 ego
951 436 1066 472 istanc,
1091 444 1174 475 quae
1199 435 1270 472 siet,

141 491 256 532 Neque
280 492 346 523 scio
371 501 476 532 neque
501 491 594 529 noui,
624 500 730 530 neque
762 500 820 529 ego
851 489 935 520 hanc
964 488 1066 520 oculis
1101 487 1169 519 uidi
1195 490 1271 519 ante

862 543 948 574 huuc
972 542 1067 574 diem.

581 620 832 661 Periphanes

144 674 227 712 Scio,
253 675 332 716 quid
358 686 456 707 erres.
494 675 576 713 Quia
594 675 750 706 uestitum
767 678 865 714 atque
879 678 1030 704 ornatum
1043 672 1273 704 inmutabilem

142 728 250 760 Habet
275 730 354 761 haec
382 753 643 760 .........
1222 734 1272 760 576

610 804 803 846 Philippa

145 883 345 890 .......
370 858 467 890 aliter
491 859 592 890 catuli
615 859 712 899 longe
737 858 835 897 olent,
859 858 956 890 aliter
979 858 1056 895 suis,

142 911 190 944 Ne
215 922 273 953 ego
297 923 401 944 meam
426 913 556 945 nouisse
580 922 740 953 nequeam.

583 998 828 1037 Periphanes

636 1052 700 1084 Pro
724 1052 820 1083 deum
845 1054 946 1092 atque
969 1048 1139 1082 hominum
1163 1050 1273 1087 fidem,

142 1105 235 1144 Quod
259 1116 319 1145 ego
343 1105 539 1137 lenocinium
564 1106 658 1144 facio,
684 1107 740 1147 qui
765 1106 904 1138 habeam
930 1105 1055 1136 alienos
1080 1104 1167 1135 domi

143 1160 250 1199 Atque
274 1164 445 1201 argentum
469 1161 651 1200 egurgitem
676 1160 772 1192 domo
794 1161 967 1201 prorsum?
1006 1157 1092 1196 Quid
1116 1162 1163 1195 tu,
1189 1168 1273 1198 quae

864 1216 991 1254 patrem
1222 1221 1274 1246 580

144 1267 245 1298 Tuum
271 1278 371 1299 uocas
395 1279 445 1299 me
471 1272 570 1309 atque
596 1268 770 1305 oscularis,
806 1267 882 1308 quid
908 1270 976 1298 stas
1002 1266 1158 1307 stupida?
1195 1265 1273 1306 quid

864 1321 992 1353 taces?

567 1399 849 1439 Acropolistis

146 1451 230 1489 Quid
255 1453 372 1493 loquar
395 1454 466 1485 uis‘?

578 1531 600 1562 P
611 1541 626 1562 e
636 1531 696 1571 rip
705 1530 725 1561 h
735 1540 753 1561 a
761 1541 781 1560 n
793 1540 809 1560 e
818 1540 832 1561 s

464 1584 554 1616 Haec
577 1588 676 1625 negat
699 1594 732 1615 se
757 1587 847 1615 tuam
872 1593 945 1614 esse
970 1586 1117 1614 matrem.

565 1669 847 1710 Acropolistis

1119 1709 1167 1741 Ne
1191 1709 1272 1749 fuat,

144 1765 176 1798 Si
200 1777 265 1798 non
289 1767 372 1805 uolt3
398 1766 550 1808 equidem
574 1766 635 1798 hac
658 1767 765 1798 inuita
788 1770 897 1798 tamen
922 1775 977 1796 ero
1003 1765 1116 1797 matris
1141 1763 1219 1796 filia.

144 1819 216 1853 Non
240 1820 315 1852 med
336 1821 444 1852 istanc
474 1831 590 1860 cogere
621 1823 794 1860 aequomst
824 1830 928 1851 meam
959 1829 1029 1851 esse
1054 1822 1208 1855 matrem,
1245 1818 1272 1849 si

863 1873 986 1905 neuolt.

210 1978 260 2003 574
279 1977 344 2010 quia
362 1976 424 2009 Ego
444 1975 517 2002 hanc
589 1976 708 2002 576—79
726 1975 811 2001 habet
831 1976 899 2001 haee

143 2020 232 2046 Aliter
249 2018 334 2045 catuli
353 2019 436 2051 longe
457 2018 542 2050 olent,
563 2018 646 2043 aliter
665 2018 722 2044 suis
742 2027 776 2044 ne
796 2026 849 2051 ego
870 2026 930 2044 eam
950 2017 1062 2043 nouisse

143 2062 234 2096 Atque
252 2062 396 2088 hominum
414 2060 498 2087 fidem
519 2060 590 2093 Quid
610 2060 638 2086 B

144 2096 194 2122 580
211 2105 311 2130 prosus
330 2096 357 2121 A
427 2096 474 2121 531
497 2095 619 2121 osculari
641 2093 665 2120 Β
736 2095 786 2120 534
806 2103 849 2120 me

1052 2147 1068 2171 4
