1596 2478
319 168 379 198 324
792 165 969 193 Montanae-ia.

317 263 523 302 imperatum“.
549 278 589 283 —-
613 262 683 292 307.
709 261 850 300 temperi,
880 275 907 292 v.
932 263 969 292 ad
993 264 1059 293 Aul.
1083 265 1154 293 446.
1182 279 1221 284 —
1251 261 1341 299 audi,
1373 261 1442 293 hem

317 315 396 345 Cam.
421 326 476 343 em.
500 330 541 335 —
565 311 630 350 tibi,
656 314 831 343 phaniscum
856 318 938 353 puta,
962 315 1022 344 vid.
1046 316 1131 344 iufra.
1158 330 1199 335 —
1224 317 1294 344 308.
1318 312 1368 344 illi
1392 316 1441 344 ad-

318 368 467 401 verbium,
503 377 529 394 v.
556 367 593 394 ad
618 366 722 404 Amph.
749 367 818 395 245.
876 366 1002 394 Ponitur
1030 371 1126 395 autem
1158 377 1211 404 per
1235 367 1440 396 attractionem

319 419 474 457 quandam,
498 427 524 445 v.
550 417 587 445 ad
612 417 681 445 244.
727 413 778 452 fui
800 417 880 445 Cam.
905 433 947 437 —
977 419 1045 447 309.
1077 416 1229 447 tansumst
1250 418 1363 446 Patous
1387 428 1441 447 em.

319 485 360 489 —
379 470 449 497 310.
476 470 732 503 „commissatum”
754 468 866 506 duplici
885 479 911 496 m
933 468 1017 497 codd.
1032 469 1078 497 hic
1099 472 1130 498 et
1147 470 1207 498 327
1221 473 1249 496 et
1263 469 1355 497 Stich.
1371 470 1442 504 685,

319 521 384 555 sod,
420 523 453 548 ut
476 519 609 554 videtur,
645 529 755 547 errore.
791 534 832 539 —
865 517 920 548 ubi
942 527 999 548 nos
1023 521 1051 548 in
1076 520 1155 548 hunc
1178 530 1294 548 versum
1318 521 1445 548 retraxit

319 571 427 609 Speng.
454 585 490 590 -—
518 571 589 598 311.
614 567 769 607 accipient
789 572 905 608 scripsi.
923 585 964 590 —
989 568 1087 608 lepide
1110 571 1304 600 Camerarius.
1351 570 1443 599 Abra-

320 624 396 651 ham.
417 622 491 650 Ann.
511 621 583 660 phil.
605 621 707 659 Suppl.
728 621 796 649 XIV
815 632 843 660 p.
865 622 925 650 223
950 623 1098 660 postulat:
1126 622 1238 657 „hilare
1262 626 1292 650 et
1313 620 1442 660 lepide“.

322 689 358 693 —
397 674 466 702 312.
502 670 629 709 Ecquid
657 672 703 701 ed.
728 683 773 710 pr.
807 687 850 691 —
883 670 1198 702 ma—ma—-maclere
1219 673 1323 708 Both.;
1357 674 1443 702 homo

320 725 420 754 ebrius
443 724 582 758 balbutit,
605 724 640 753 cf.
662 725 720 753 323
742 727 771 752 et
791 724 871 760 317;
895 724 947 753 sed
965 734 1066 753 versus
1085 725 1188 754 suadet
1209 728 1243 753 ut
1261 735 1324 753 cum
1349 724 1442 762 Spen-

320 777 398 814 gelio
422 776 565 813 syllabam
589 782 639 804 ma
663 775 715 810 bis,
741 785 798 804 non
821 778 868 804 ter
891 777 1049 813 repetitum
1074 775 1238 811 credamus,
1261 777 1297 804 cf.
1318 776 1444 805 323.—

321 829 380 857 313
416 830 575 865 corruptus
610 829 669 862 est3
705 827 875 855 lacunosum
905 830 1050 865 putarunt
1078 827 1112 855 R.
1142 830 1171 855 et
1201 827 1294 865 Bugg.
1323 827 1440 865 Speng.‚

320 889 407 917 quem
430 880 595 916 sequuntur
619 878 687 906 Lor.
712 881 742 906 et
763 877 958 907 Sonnensch.:
993 878 1133 916 „Semper
1162 879 1237 906 istoc
1269 878 1357 907 modo
1381 888 1443 906 mo—

321 933 403 959 ratus
432 931 524 958 uitam
555 928 713 965 degebns“.
760 929 824 965 Ego
853 939 941 958 ausus
969 939 1050 958 sum:
1085 925 1214 966 Semper
1243 927 1322 958 istoc
1343 926 1442 958 modo.

323 979 416 1010 More
438 977 500 1009 alio
529 978 576 1009 uti
605 977 750 1015 debel›a.‹›·;
779 980 815 1009 cf.
842 981 909 1010 337.
939 995 980 1000 —
1011 982 1081 1010 314.
1111 977 1295 1017 amplectere
1318 980 1443 1018 Pylades

321 1043 375 1062 em.
399 1047 439 1052 --
471 1033 541 1060 317.
574 1031 656 1068 „Oh“
683 1033 849 1060 interiectio
873 1032 1048 1060 admirantis
1071 1031 1117 1060 hic
1141 1032 1236 1060 locum
1261 1042 1318 1060 non
1343 1031 1441 1060 habet.

322 1084 448 1112 Bothius
478 1083 626 1111 intellexit
656 1083 702 1111 bic
731 1093 850 1121 quoque
877 1086 912 1111 ut
943 1083 1003 1111 312
1033 1083 1226 1111 balbutientis
1259 1093 1358 1111 vocem
1394 1093 1443 1111 ex-

320 1136 418 1173 primi.
443 1149 484 1153 —
512 1141 582 1163 sum
606 1134 651 1162 ed.
676 1144 720 1171 pr.
747 1148 783 1153 -—
819 1135 889 1162 318.
918 1130 1079 1162 accumbas
1101 1134 1140 1162 id.
1166 1149 1207 1154 —
1231 1135 1301 1163 319.
1326 1131 1444 1162 coimus

321 1189 489 1224 corruptum
516 1188 568 1213 est.
623 1185 768 1213 Boxhorn.
797 1184 968 1219 ,.conuiuis“
1000 1186 1140 1220 coniecit,
1171 1195 1224 1222 ego
1255 1192 1315 1222 quo
1345 1182 1443 1220 ima-§⁸3

321 1237 508 1265 desidet-ntur
532 1237 609 1264 onim
632 1237 702 1264 tnlis
726 1237 780 1264 loci
805 1236 991 1272 significatio.
1011 1251 1053 1255 —
1077 1236 1146 1265 320.
1173 1233 1261 1265 Sino.
1290 1232 1355 1266 CA.
1381 1233 1445 1265 Sed

320 1295 358 1316 ne
386 1286 455 1316 sine
477 1285 540 1321 hoc,
565 1285 649 1325 quod
669 1285 713 1315 mi
734 1285 769 1314 in
791 1288 928 1322 manust,
954 1287 1076 1322 Ritsch.‚
1101 1289 1119 1316 i.
1145 1298 1168 1316 e.
1193 1298 1228 1316 ue
1252 1290 1316 1316 sine
1339 1291 1378 1315 te.
1402 1302 1444 1307 —

323 1340 380 1367 321
401 1340 526 1367 fortasse
545 1340 655 1366 rectius
668 1348 703 1366 ex
722 1338 816 1366 tribus
835 1339 952 1367 creticis
971 1341 1001 1366 et
1019 1338 1148 1367 trochaeo
1166 1342 1304 1367 constare
1323 1338 1442 1367 dicitur.

322 1391 392 1419 322.
416 1390 458 1418 Cf.
473 1389 579 1418 Pseud.
599 1390 692 1417 1247:
722 1389 839 1426 „pedes,
864 1391 955 1417 stntin
986 1400 1022 1417 an
1047 1389 1126 1418 non?
1161 1390 1206 1418 An
1230 1390 1259 1417 id
1284 1390 1385 1424 uoltis,
1410 1393 1444 1418 ut

321 1452 366 1469 me
381 1442 446 1469 hinc
459 1443 600 1469 iacentem
614 1441 721 1478 aliquis
736 1439 862 1468 tonat?“
897 1437 985 1468 ambo
999 1441 1098 1468 Herm.
1113 1451 1169 1469 em.
1185 1456 1219 1460 —
1239 1442 1307 1470 323.
1322 1441 1357 1469 cf.
1373 1441 1442 1470 312.

319 1500 368 1521 me
385 1502 449 1521 cum
468 1492 551 1520 hiatu
576 1492 743 1529 legendum.
790 1492 820 1520 In
845 1492 985 1528 proximis
1009 1501 1201 1529 personarum
1226 1493 1346 1520 nomina
1368 1492 1396 1520 in
1421 1492 1443 1520 Β

321 1544 443 1573 turbata
462 1546 540 1578 sunt,
564 1544 593 1571 in
613 1543 634 1571 C
653 1544 771 1578 omissa,
794 1546 828 1570 ut
850 1553 886 1571 ex
909 1544 1081 1571 coniectura
1104 1543 1291 1571 restituenda
1313 1543 1383 1571 sint.
1402 1557 1444 1561 —

321 1596 391 1624 325.
417 1592 487 1623 Em.
513 1605 539 1622 v.
555 1594 590 1622 nd
604 1594 710 1632 Amph.
725 1595 796 1622 771.
815 1609 856 1614 —
874 1600 931 1630 asle
952 1591 966 1622 ‘l'
983 1591 1078 1622 simul
1096 1594 1210 1622 Camer.
1245 1593 1443 1622 Sonnensch.:

323 1648 350 1679 „i
375 1646 470 1679 simul,
495 1655 554 1682 quo
578 1654 633 1681 ego
652 1644 724 1681 eo“;
748 1648 832 1673 cett.:
860 1645 941 1680 „Quo
961 1654 1015 1681 ego
1035 1655 1108 1680 eam,
1133 1655 1169 1673 an
1188 1641 1287 1673 scis?“
1325 1643 1381 1672 Sed
1401 1650 1444 1672 an

319 1699 362 1725 sic
381 1697 438 1724 dici
457 1706 514 1724 non
534 1699 646 1733 potest3
671 1698 775 1724 saltem
794 1696 918 1733 incipiat
935 1697 1112 1724 sententiam
1127 1705 1244 1724 neccsse.
1256 1699 1311 1724 est.
1347 1695 1443 1732 Nega-

320 1749 431 1776 tionem
462 1747 625 1775 addendam
658 1757 735 1781 esse,
770 1750 800 1775 et
823 1756 964 1784 personne
987 1747 1073 1775 aliter
1096 1747 1331 1780 distribuendas.
1367 1745 1445 1774 vidit

320 1798 467 1831 Gertzius,
492 1807 577 1835 quem
601 1801 720 1826 secutus
742 1799 772 1826 in
796 1799 896 1836 priore
920 1798 965 1826 ed.
999 1799 1062 1832 „An
1088 1797 1220 1827 nescis?“
1247 1798 1361 1836 scripsi,
1385 1798 1442 1825 iam

321 1847 398 1878 Non
421 1847 507 1877 scis?
536 1850 669 1886 praefero.
699 1863 741 1868 —
771 1850 840 1877 326.
870 1847 962 1877 modo
992 1849 1098 1877 ultima
1122 1849 1210 1885 longa
1234 1848 1443 1886 proferendum

321 1901 448 1928 videtur.
468 1915 507 1919 -
528 1901 598 1928 327.
622 1897 711 1935 istuc,
737 1899 917 1928 Philolachis
941 1900 1058 1928 domum
1081 1900 1220 1928 ostendit.
1259 1899 1307 1927 R.:
1335 1899 1443 1933 „Immo

321 1947 416 1989 [hch.
461 1950 519 1979 CA.
544 1950 624 1978 Istuc
647 1951 763 1987 quidem
789 1952 845 1979 iam
870 1950 1019 1979 momini“.

407 2002 477 2030 328.
514 2002 701 2030 Philolaches
731 2003 853 2030 amicam
883 2005 984 2039 rogat,
1009 2012 1077 2030 num
1101 2003 1128 2031 ei
1153 2000 1371 2030 incommodum
1394 2002 1442 2035 sit,

322 2053 345 2080 si
371 2053 464 2081 amico
489 2053 606 2081 obvium
630 2057 687 2081 eut.
733 2053 803 2082 Lor.
817 2053 932 2082 confert
951 2053 1151 2082 Poen.1076:
1179 2052 1253 2087 „Sed
1277 2055 1307 2080 te
1330 2052 1442 2080 moneri

320 2113 388 2132 num
413 2103 520 2132 nouis?
564 2103 627 2132 HA.
661 2104 738 2132 Saue
761 2102 860 2132 uolo“.
890 2119 932 2123 —
964 2104 1035 2133 329.
1065 2099 1120 2132 Illi
1141 2110 1195 2141 eyo
1218 2103 1298 2132 Cam.
1323 2112 1377 2131 em.
1405 2117 1440 2121 —
