1596 2478
143 174 190 205 111,
211 175 233 206 l,
254 173 355 200 38—48
618 171 796 198 Mostellaria.
1198 170 1256 200 105

143 269 193 300 lta
215 272 248 300 et
269 267 343 298 hinc
366 271 398 298 et
421 266 510 297 illinc
535 266 610 297 mihi
636 266 789 297 exhibent
814 265 987 304 negotium.

116 316 123 322 ’
143 323 204 355 Sed
229 321 396 362 occupabo
419 320 518 352 adire.

613 379 782 411 Danista

560 433 620 465 Hic
643 433 684 465 ad
710 444 758 464 me
783 434 816 465 it.
864 432 980 465 Saluos
1005 443 1092 471 sum;
1209 439 1259 465 555

144 490 223 532 Spes
247 493 296 522 est
320 490 360 522 de
384 491 530 529 argento.

625 547 773 579 Tranio

593 602 724 634 Hilarus
748 606 812 639 est-3
836 601 958 633 frustra
982 604 1032 632 est
1054 599 1162 632 homo.

143 658 275 691 Saluere
298 657 394 689 iubeo
418 661 459 696 te,
482 656 720 697 Misargyrides,
745 655 836 687 bene.

616 727 788 758 Danista

146 784 242 816 Salue
267 787 300 816 et
323 787 368 815 tu.
415 782 501 820 Quid
523 783 562 814 de
586 785 721 822 argento
745 782 819 813 est?

625 851 773 882 Tranio

862 903 922 935 Abi
949 904 1001 937 sis.
1026 903 1138 941 belua3

145 961 308 994 Continuo
332 961 510 993 adueniens
535 959 635 1000 pilum
661 959 801 990 iniecisti
824 958 911 990 mihi.

616 1030 791 1062 Danista

145 1087 206 1120 Hic
229 1087 325 1119 homo
351 1089 399 1118 est
422 1086 538 1117 inanis.

627 1144 777 1176 Tranio

509 1199 569 1231 Hic
593 1199 688 1230 homo
712 1202 799 1230 certe
823 1201 875 1230 est
898 1196 1031 1229 ariolus.
1213 1203 1264 1228 560

617 1270 788 1302 Danista

145 1327 228 1364 Quin
252 1331 286 1358 tu
310 1327 391 1358 istas
415 1326 516 1357 mittis
540 1324 662 1356 tricas?

627 1396 772 1427 Tranio

700 1460 796 1499 Quin,
819 1461 896 1501 quid
921 1461 978 1498 uis,
1002 1459 1093 1491 cedo.

617 1522 786 1553 Danista

148 1578 209 1609 Ubi
234 1576 440 1609 Philolaches
464 1576 536 1608 est‘?

627 1634 777 1666 Tranio

575 1689 759 1730 Numquam
785 1689 921 1730 potuisti
945 1687 1024 1719 mihi

146 1746 252 1787 Magis
276 1748 478 1786 opportunus
502 1744 657 1776 aduenire
680 1753 772 1784 quam
796 1743 933 1774 aduenis

562 1814 567 1817 “
620 1816 793 1847 Danista

149 1870 230 1908 Quid
256 1871 326 1902 est?

215 1992 265 2017 554
284 1991 395 2017 exibent
480 1990 530 2015 555
550 1989 584 2015 ad
604 1998 646 2015 me
666 1990 688 2014 is
709 1989 781 2014 salus
864 1989 913 2013 556
933 1987 988 2013 ΤΗ.
1008 1987 1056 2013 toti
1074 1988 1166 2013 versui
1178 1994 1266 2019 prcep.

149 2035 199 2060 557
216 2034 253 2059 mi
274 2034 413 2059 sarcirites
432 2032 467 2064 B,
486 2032 662 2058 niisartirites
683 2032 704 2058 Ο
781 2032 830 2056 558
849 2031 895 2064 qui
974 2032 1104 2061 argentos
1124 2028 1146 2055 C
1219 2030 1270 2055 559

150 2077 291 2103 Eontiuuo
312 2075 346 2108 B,
366 2077 486 2102 Contiuu
508 2075 529 2102 C'
639 2076 689 2101 560
707 2074 789 2100 homo
811 2074 899 2099 inanis
919 2077 961 2099 est
981 2072 1038 2098 ΤΗ.
1056 2072 1108 2098 Hie
1126 2072 1209 2097 homo
1228 2075 1270 2097 est

150 2124 224 2145 certe
275 2120 321 2145 561
344 2118 504 2144 mittistisc
548 2118 596 2144 563
616 2117 724 2149 magius
734 2116 769 2148 Β,
789 2116 876 2142 Maius
889 2116 910 2143 0
952 2116 1042 2142 uduen
1054 2132 1144 2141 ......
1155 2114 1270 2140 aduenis
