1596 2478
626 173 767 200 917—956.
1198 175 1258 207 365

139 271 216 310 pidia
250 272 312 300 sive
343 271 465 300 alterius
495 273 622 301 cuiusvis
657 272 743 301 filius.
772 287 814 292 —-
844 273 914 302 947.
937 270 1053 302 nostro.
1101 268 1172 301 PH
1197 270 1260 301 Hic

139 323 184 352 ed.
209 334 254 361 pr.
311 324 342 351 In
371 324 396 351 A
426 333 542 361 quoque
571 323 646 352 AEC
681 324 738 360 legi
769 328 898 353 testatur
927 324 1021 363 Gepp.
1046 324 1130 354 Stud.
1154 336 1183 363 p.
1210 326 1259 361 76,

138 376 187 412 qui
214 375 301 409 „Haec
315 371 453 412 inquam“
469 375 540 402 ferri
555 384 639 412 posse
652 379 746 412 putat.
765 391 807 395 —
823 375 947 412 praeter
965 374 1105 413 Speciem,
1125 378 1259 414 quamvis

139 427 221 454 stulti
253 428 378 464 speciem
415 437 472 454 non
502 426 620 454 habeas.
684 427 786 462 Addit,
826 428 938 456 ebrium
974 429 1077 456 videri.
1115 443 1150 447 —
1187 429 1259 456 948.

144 475 365 514 „BIerendam“
383 478 425 505 ait
440 477 522 505 Festi
536 477 617 515 Epit.
632 488 660 515 p.
678 479 734 505 123
753 479 884 516 „antiqui
904 480 1039 508 (licebant
1057 490 1111 517 pro
1123 480 1258 518 prandio,

139 530 216 567 quod
241 530 354 558 scilicet
376 529 473 557 medio
497 529 544 556 die
569 530 756 566 cape1·etur“,
782 533 811 558 et
834 531 874 558 sic
898 531 938 558 M.
953 531 1091 559 Aurelius
1115 532 1152 559 nd
1165 531 1260 560 Fron-

139 584 238 609 tonem
274 581 328 619 Ep.
353 580 402 616 IV,
428 582 455 615 6,
480 591 508 618 p.
535 582 573 609 69
604 580 694 609 Nalm
734 581 865 614 „Deinde
900 582 935 610 ad
970 582 1138 611 merendam
1173 585 1258 612 itum.

138 633 215 668 Quid
239 643 284 661 me
309 642 408 661 censes
430 631 626 670 prandisse?“
676 632 786 660 Vereor
809 637 923 664 tamen.
955 644 990 661 ne
1015 635 1123 662 rectius
1147 634 1260 663 Nonius

138 694 166 722 p.
188 685 241 712 28:
269 684 430 718 „Merenda
453 684 562 712 dieitur
586 684 677 719 cibus,
702 688 769 722 post
793 685 945 712 meridiem
970 686 1020 722 qui
1044 686 1140 714 datur.
1176 687 1259 714 Afra.-

139 737 203 764 uius
217 736 356 764 Fratriis:
381 736 502 763 Interim
529 735 696 763 merendam
722 746 858 770 accurro3
884 736 919 764 ad
944 747 1045 764 cenam
1070 747 1156 774 quoin
1180 738 1259 772 ueni,

137 786 251 816 iuunt“.
296 787 370 816 Nam
406 788 446 815 sie
477 787 653 825 Calpurnius
683 787 726 815 Id.
759 790 785 823 5,
817 788 872 816 60:
911 787 1039 823 „Verum
1068 789 1117 816 ubi
1154 788 1260 817 declivi

139 840 195 867 iam
226 849 303 868 nona
337 843 488 876 tepescere
523 838 583 866 sole
608 838 734 876 Incipiet
762 849 904 876 seraeque
934 839 1082 867 videbitur
1106 840 1178 868 hora
1201 850 1260 868 me-

137 889 276 919 rendae“.
303 905 339 910 —
367 887 543 924 diuorteris,
569 900 595 918 V.
620 890 656 918 ad
680 890 758 918 Meu.
786 891 855 920 262.
880 906 920 910 -
945 891 1015 919 949.
1040 891 1084 919 Ex
1108 891 1259 920 Palatino-

136 952 200 970 rum
224 942 308 971 codd.
330 943 476 980 scriptura
488 942 602 970 eumer.
616 942 726 970 effecit:
753 943 870 980 „Atque
890 943 931 970 ibi
952 942 1124 970 meliuscule
1138 943 1257 980 quam‘⁴‚

136 993 289 1022 Gulielm.:
317 995 434 1031 „Atque
459 993 498 1021 ibi
523 1004 557 1021 ue
581 993 715 1031 pluscule
739 993 857 1031 quam“‚
881 994 1016 1022 Mueller.
1032 993 1155 1023 Prosod.
1175 1005 1203 1032 p.
1220 995 1258 1022 29

139 1044 355 1082 „plusculu111“.
390 1046 447 1073 Sed
475 1045 556 1079 „eur‘
584 1045 739 1073 delendum
758 1055 820 1073 esse
841 1045 927 1073 docet
939 1047 972 1081 A,
997 1045 1047 1073 ubi
1073 1046 1179 1074 lectum
1199 1050 1257 1074 est:

135 1097 188 1125 IBI
213 1120 219 1125 .
240 1119 245 1125 .
270 1096 510 1132 PLIUSQUAM,
534 1097 551 1124 i.
577 1106 601 1125 e.
630 1097 688 1131 „ibi
712 1097 838 1134 amplius
861 1096 982 1134 quam“,
1007 1107 1033 1124 v.
1058 1096 1153 1135 Gepp.
1173 1097 1258 1126 Stud.

135 1149 162 1176 Π
185 1159 213 1186 p.
241 1150 288 1176 74.
336 1148 370 1176 R.
395 1148 529 1176 ediderat
566 1147 624 1182 „ibi
660 1158 695 1176 ne
730 1147 828 1186 plus“.
864 1163 905 1167 --
943 1145 1025 1184 Quid
1051 1145 1124 1176 est?
1152 1159 1205 1186 per
1228 1159 1259 1177 se

135 1200 207 1228 ferri
236 1203 342 1237 potest,
374 1209 402 1227 v.
427 1200 499 1228 447.
531 1199 567 1227 ad
591 1200 696 1237 Amph.
723 1201 796 1236 5523
826 1200 878 1228 sed
908 1210 1011 1229 versus
1042 1200 1117 1237 pede
1139 1200 1259 1229 brevior

136 1254 190 1280 est.
219 1251 272 1280 R.:
299 1251 392 1286 „Quid
407 1247 464 1289 [ita
477 1248 566 1279 nam?
580 1248 659 1289 quid]
676 1250 762 1280 est?“
791 1252 848 1280 Sed
861 1252 965 1280 lacuna
978 1253 1007 1279 in
1026 1255 1158 1280 extremo
1171 1262 1257 1280 versu

136 1313 199 1332 esse
223 1303 310 1331 debet
332 1306 365 1331 ut
389 1303 465 1337 9593
495 1312 586 1340 quare
615 1303 695 1331 aliud
724 1304 845 1332 tentavi.
876 1318 917 1322 —-
947 1304 1016 1331 950.
1049 1311 1086 1331 ne
1109 1303 1219 1341 pendet
1241 1314 1258 1332 a

141 1354 233 1390 „Vide
263 1352 332 1382 sis“.
363 1369 404 1373 —
433 1351 596 1382 ‹leueneris
624 1354 703 1383 Cam.
734 1365 799 1391 em..
829 1362 913 1384 mma
939 1352 1064 1383 ueneris
1098 1355 1191 1392 Bugg.
1218 1370 1255 1374 —

136 1421 176 1424 —
201 1407 271 1434 951.
304 1403 350 1433 ‘irc
380 1406 424 1433 ed.
456 1415 518 1443 pr.;
551 1402 652 1440 „etre“
678 1410 721 1435 est
749 1406 857 1441 „eire“‚
882 1417 908 1434 v.
939 1406 976 1434 ad
1005 1407 1088 1435 Asin.
1121 1408 1191 1435 482.
1216 1422 1258 1426 —

135 1455 236 1486 loc-um
259 1458 301 1492 A,
326 1457 370 1492 R.‚
407 1460 476 1485 cett.
511 1472 550 1476 —
587 1456 656 1486 953.
691 1455 765 1486 hinc
795 1454 874 1486 abiit
903 1454 952 1486 hic
973 1459 1014 1493 A,
1039 1458 1098 1487 vid.
1124 1459 1256 1487 Studem.

136 1510 212 1538 Anu.
242 1509 314 1546 phil.
343 1508 439 1536 XCIII
469 1519 498 1546 p.
525 1510 572 1537 60.
626 1508 721 1547 Gepp.
746 1509 829 1537 Stud.
860 1520 889 1547 p.
915 1511 962 1538 75.
986 1524 1027 1529 -—
1057 1511 1128 1538 954.
1153 1507 1257 1539 Philo-

135 1557 279 1589 lachesne
302 1561 335 1588 A.
360 1575 402 1579 —
426 1561 496 1588 955.
522 1558 666 1597 Triyinta
690 1570 728 1588 sc.
753 1562 850 1598 minis,
880 1561 959 1598 quod
982 1562 1123 1598 pretiosae
1151 1562 1257 1599 puellae

135 1613 265 1649 pretium
288 1621 346 1640 non
369 1612 520 1640 insolitum
544 1615 615 1647 erat,
640 1622 666 1640 v.
681 1612 765 1641 Cure.
792 1613 839 1641 63.
865 1612 941 1640 Rud.
967 1613 1016 1640 45.
1046 1613 1112 1642 Ter.
1138 1613 1256 1642 Phorm.

137 1664 206 1692 558.
230 1663 382 1692 Demosth.
406 1663 501 1691 Neaer.
528 1664 576 1692 30.
621 1664 654 1692 In
677 1663 761 1692 codd.
789 1664 942 1701 „Triginta
965 1662 1103 1693 talentis“
1127 1665 1257 1701 iungun-

135 1718 200 1751 tur;
223 1715 274 1744 sed
293 1715 378 1743 facile
392 1720 517 1753 apparet
536 1715 597 1743 haec
610 1717 688 1743 inter
706 1715 780 1744 duas
796 1725 937 1753 personas
956 1715 1161 1744 distribuenda
1184 1726 1256 1753 esse⁷

133 1767 224 1805 idque
244 1767 431 1804 palimpsesti
450 1767 622 1795 testimonio
636 1766 803 1795 confirmari
818 1766 947 1795 affirmat
961 1766 1056 1805 Gepp.
1070 1767 1140 1795 Cod.
1154 1767 1256 1796 Ambr.

135 1828 163 1856 p.
191 1819 238 1847 33.
285 1818 370 1846 stud.
395 1817 423 1845 ΙΙ
446 1829 475 1856 p.
501 1819 549 1846 74.
577 1833 614 1837 -
641 1819 691 1846 Μὰ
714 1820 760 1846 τὸν
780 1818 908 1854 Ἀπόλλω,
933 1819 968 1846 cf.
993 1817 1078 1856 Capt.
1094 1820 1163 1847 874.
1201 1819 1258 1847 Sed

134 1870 189 1898 hoc
212 1870 277 1898 loco
300 1871 418 1906 negatio
442 1869 573 1905 auditur,
598 1870 677 1908 quod
700 1870 735 1898 fit
758 1870 837 1908 apud
867 1870 987 1898 Graecos
1016 1871 1190 1908 plerumque
1213 1881 1258 1899 se-

136 1924 246 1959 quente
270 1921 345 1956 ἆλλά,
370 1931 396 1949 v.
420 1922 472 1949 Ar.
496 1920 550 1959 Eq.
577 1922 651 1950 338:
682 1923 733 1950 Μὰ
762 1923 807 1949 τὸν
836 1922 969 1955 Ποσειδῶ,
997 1921 1054 1949 ἀλλ’
1080 1945 1086 1951 .
1106 1945 1112 1951 ,
1135 1945 1141 1950 .
1181 1922 1256 1951 Xen.

135 1973 224 2001 Mem.
248 1972 300 2008 III,
328 1973 374 2007 13,
401 1974 432 2001 3;
465 1973 516 2000 M&
538 1973 583 2000 τὸν
613 1975 673 2006 Δία,
703 1974 771 2001 ἀλλὰ
799 1973 843 2000 καὶ
866 1974 994 2005 πολλάκις
1016 1974 1186 2010 τεθαύμακα.
1216 1988 1258 1993 —-

135 2021 192 2052 sed
212 2024 247 2052 A.
272 2039 312 2043 —
337 2025 397 2052 956
421 2026 451 2052 in
474 2026 624 2061 Aexstat;
648 2025 828 2053 Ritsehelius
847 2035 902 2062 pro
922 2026 1024 2062 spurio
1042 2025 1155 2054 habuit.
1179 2026 1257 2054 Ante

136 2073 266 2113 triyinta
296 2075 558 2104 Schwarzmaunus
590 2075 743 2112 „illamce“
775 2076 832 2104 sibi
854 2076 954 2113 legere
983 2077 1149 2113 videbatur,
1181 2076 1257 2114 Gep-

133 2131 210 2165 pert.
234 2127 318 2156 stud.
343 2137 373 2165 p.
399 2128 437 2155 74
465 2127 628 2164 ,,εοί1ἰοεῖ“,
663 2128 742 2166 quod
764 2128 812 2156 hic
834 2127 931 2156 locum
961 2137 1019 2156 non
1042 2129 1140 2157 habet.
1193 2128 1258 2164 Ego
