1596 2478
313 186 372 215 120
827 182 915 208 Plauti
1215 182 1261 214 IV,
1280 183 1306 214 2,
1325 184 1426 210 69-79

787 276 952 308 Halisca

311 332 497 374 Crepundia
520 342 594 363 una.

758 390 976 430 Lampadio

492 445 551 477 Est
574 445 707 487 quidam
732 445 837 482 homo,
862 445 916 485 qui
942 444 1029 475 illam
1054 445 1101 476 ait,
1124 455 1158 476 se
1183 446 1274 483 sciro,
1298 445 1350 477 ubi
1377 446 1427 477 sit.

782 513 946 545 Halisca

311 570 353 600 At
377 569 430 609 pol
455 568 509 600 ille
534 579 554 599 a
577 568 716 608 quadam
742 568 891 600 muliere.
927 568 952 599 si
984 578 1053 599 eam
1086 571 1256 606 monstret,
1289 569 1426 608 gratiam

1025 623 1121 653 ineat.

761 681 976 721 Lampadio

312 737 351 768 At
377 736 436 768 sibi
461 736 515 768 ille
539 736 668 776 quidam
694 735 764 767 uolt
788 736 857 767 dari
882 736 1072 768 mercedem.

790 804 955 836 Halisca

1037 859 1077 890 At
1102 858 1153 899 pol
1179 858 1235 889 illa
1258 858 1427 899 quaedam.

312 915 399 951 Quae
419 913 516 945 illanc
531 912 689 944 cist-ellam
706 913 857 954 perdidit,
875 913 1050 953 quidquam
1067 917 1163 953 negat
1176 923 1246 943 osse
1261 912 1347 953 quod
1361 913 1425 944 det.

754 981 975 1021 Lampadio

312 1036 352 1066 At
382 1036 465 1067 enim
497 1036 550 1067 ille
581 1035 712 1077 quidam
737 1045 860 1075 operam
890 1037 925 1066 ut
952 1035 1017 1075 det,
1047 1036 1136 1067 aliud
1162 1036 1225 1068 sibi
1253 1048 1348 1077 quam
1377 1048 1424 1069 ar-

1026 1095 1156 1131 gentum
1181 1092 1315 1131 expetit.
1377 1100 1424 1125 571

786 1149 953 1181 Halisca

311 1205 353 1236 At
372 1204 423 1245 pol
442 1204 489 1236 illi
508 1203 660 1245 quoidam
681 1203 805 1236 mulieri
824 1214 991 1244 numquam
1012 1204 1079 1236 ulla
1098 1214 1197 1245 opera
1210 1205 1354 1243 gratuita
1367 1209 1425 1237 est.

760 1273 976 1313 Lampadio

309 1326 485 1359 Commoda
510 1327 701 1368 loquellast;
726 1332 759 1358 tu
785 1327 842 1358 tibi
867 1337 951 1358 nunc
977 1327 1100 1367 prodes.
1148 1327 1347 1359 Confitemui·

310 1381 477 1413 Cistellam
502 1381 631 1414 habere.

787 1440 951 1473 Halisca

614 1496 655 1526 At
679 1506 737 1527 uos
761 1495 856 1527 Salus
881 1495 1053 1527 seruassit!
1100 1495 1161 1527 Ubi
1186 1507 1221 1527 ea
1247 1507 1329 1527 nunc
1353 1497 1425 1528 est?

732 1563 1002 1595 Phanostrata

309 1617 440 1649 §aluam
454 1628 573 1650 eccam.
609 1618 671 1649 Sed
685 1628 743 1658 ego
758 1629 824 1649 rem
838 1628 941 1649 meam
957 1629 1103 1658 magnam
1117 1618 1318 1650 confabulari
1375 1628 1424 1653 575

307 1672 425 1704 Tecum
450 1672 540 1710 uolo,
564 1673 682 1704 sociam
709 1673 785 1704 mihi
810 1677 841 1704 te
865 1672 986 1713 adopto
1011 1672 1051 1703 ad
1078 1683 1178 1704 meam
1207 1672 1354 1704 salutem.

784 1732 948 1764 Halisca

309 1785 392 1823 Quid
417 1787 502 1818 istuc
525 1787 633 1827 negoti
658 1791 716 1822 est,
741 1792 799 1819 aut
822 1788 893 1827 quis
917 1788 974 1818 es?

392 1915 441 1940 567
461 1923 556 1941 sorore
574 1914 603 1940 E
695 1916 745 1941 568
764 1915 797 1941 ad
818 1914 862 1941 ΕΙ
953 1914 1090 1949 quandam
1110 1914 1251 1941 mulierem
1274 1916 1291 1941 I
1374 1916 1424 1941 570

307 1958 370 1991 quoi
391 1956 425 1988 Β,
445 1958 509 1991 quoi
531 1958 575 1983 dat
596 1956 629 1983 Ε.
649 1958 778 1991 quoidam
800 1958 818 1984 1
915 1959 960 1984 571
983 1957 1132 1990 qnoidnmo
1144 1979 1270 1984 ........
1281 1966 1362 1991 quam
1382 1967 1423 1984 m·-

307 2004 421 2033 gentum
434 2000 495 2031 BE,
515 2002 626 2034 quidem
639 2019 761 2027 ........
775 2004 917 2033 argentum
933 2002 951 2027 1
1035 2001 1085 2026 572
1103 2000 1144 2026 illi
1165 2000 1276 2034 quidam
1296 2001 1358 2034 BE.
1378 2001 1424 2027 illa

306 2043 433 2077 quasdam
454 2043 472 2069 Ι
555 2044 654 2070 rnulicr
673 2044 759 2070 inulla
854 2044 903 2069 573
923 2043 1075 2069 Commodo
1096 2043 1246 2076 loquellum
1257 2042 1321 2074 ΒΕ,
1342 2043 1422 2069 Com-

309 2086 389 2112 moda
410 2086 548 2119 loquelam
570 2087 587 2113 1
695 2090 742 2112 tua
762 2085 795 2118 E,
816 2090 888 2112 tuam
911 2087 927 2112 1
1038 2086 1158 2120 prodens
1274 2087 1322 2112 574
1341 2095 1423 2113 serua

307 2129 342 2154 nit
362 2128 390 2154 E
458 2130 508 2154 576
528 2132 553 2154 te
574 2129 638 2155 mihi
732 2129 781 2154 577
800 2128 907 2162 quidest
946 2129 963 2155 1
