1596 2478
306 179 367 208 212
813 174 903 201 Plauti
1223 173 1255 206 V,
1274 175 1300 206 2,
1319 174 1369 200 9—
1387 174 1421 200 30

391 270 479 308 Quas
503 271 530 301 si
555 273 718 301 autumem
743 270 857 304 omnis,
882 269 976 300 nimis
998 268 1114 309 longus
1138 279 1244 300 sermo
1268 272 1326 300 est.

390 325 451 357 Sed
477 324 557 356 haec
579 333 632 354 res
654 323 732 354 mihi
756 324 787 354 in
813 326 943 364 pectore
967 326 1000 355 et
1021 323 1120 355 corde
1143 326 1283 359 cui-aest,

391 376 551 414 Quidnam
574 377 635 408 hoc
659 377 702 408 sit
723 378 844 417 negoti,
869 377 956 418 quod
978 377 1046 409 filia
1070 378 1117 409 sic
1370 386 1422 410 750

392 431 537 471 Repente
561 431 686 471 expetit
709 441 767 469 me,
790 434 828 462 ut
850 431 891 462 ad
915 442 987 463 sese
1010 431 1099 466 irem.

391 485 466 522 Nec,
491 485 570 526 quid
592 485 626 516 id
650 486 702 521 sit,
725 485 803 516 mihi
826 486 948 517 certius
971 485 1058 520 facit,

459 538 543 577 Quid
566 539 655 577 uelit,
679 539 758 580 quid
782 550 832 570 me
855 544 1009 571 arcessat.

393 592 511 624 Uerum
535 592 768 633 propemodum
791 594 857 624 iam
881 594 958 631 scio,
981 593 1059 634 quid
1084 594 1146 624 siet
1168 593 1230 629 rei;

391 645 495 678 Credo
519 657 593 678 cum
616 647 688 679 uiro
712 647 854 687 litigium
877 651 989 678 natum
1013 657 1083 679 esse
1107 647 1252 687 aliquod.
1369 655 1420 680 755

391 700 444 731 Ita
466 701 570 732 istaec
593 701 707 739 solent,
730 711 815 742 quae
839 701 928 732 uiros
951 700 1138 732 subseruire

393 753 459 786 Sibi
483 753 660 795 postulant,
685 754 760 786 dote
784 755 896 791 fretae,
920 755 1052 786 feroces.

392 808 434 840 Et
456 808 502 840 illi
526 819 656 849 quoque
679 808 767 840 haud
791 809 959 841 abstinent
980 819 1077 850 saepe
1100 809 1211 850 culpa3

391 861 511 894 Uerum
537 866 585 894 est
608 862 720 894 modus
744 867 862 899 tamen,
885 863 994 904 quoad
1018 863 1087 904 pati
1110 873 1242 894 uxorem
1266 866 1404 903 oportet.

392 916 459 948 Nec
483 916 536 957 pol
560 916 626 947 filia
649 927 804 958 umquam
828 921 953 958 patrem
977 918 1118 949 arcessit
1139 917 1181 948 ad
1205 927 1247 953 se,
1372 925 1423 950 ’160

391 970 461 1002 Nisi
486 974 544 1002 aut
567 971 646 1012 quid
669 971 820 1002 conmisit
839 971 899 1006 uir.
924 975 982 1002 aut
1004 972 1088 1009 iurgi
1112 974 1162 1003 est
1185 981 1294 1002 causa.

393 1025 454 1056 Sed
479 1025 640 1066 quidquid
663 1025 696 1056 id
720 1029 780 1058 est.
803 1026 868 1056 iam
892 1026 1001 1057 sciam.
1037 1027 1144 1066 Atque
1163 1035 1270 1056 eccam
1290 1035 1422 1065 eampse

307 1079 390 1110 Ante
421 1079 513 1110 aedis
544 1083 578 1110 et
607 1079 676 1110 eius
700 1078 857 1120 [tristem]
881 1081 987 1111 uirum
1017 1079 1121 1110 uideo.
1178 1079 1215 1110 Id
1239 1082 1302 1113 est,
1336 1079 1421 1119 quod

1021 1133 1223 1174 suspicabar.

308 1186 490 1228 Adpellabo
515 1186 607 1218 hanc.

776 1263 808 1295 M
815 1274 835 1295 a
843 1267 857 1294 t
864 1275 881 1295 r
889 1274 908 1295 o
915 1275 935 1295 n
943 1274 963 1296 a

649 1317 707 1349 Ibo
731 1317 915 1350 aduersum.
961 1317 1058 1349 Salue
1082 1317 1228 1355 multum,
1252 1318 1296 1348 mi
1321 1319 1422 1357 pater.

803 1394 930 1427 Senex

309 1447 408 1479 Salua
430 1448 483 1479 sis.
529 1447 647 1480 Saluen
671 1448 836 1480 aduenio?
859 1449 972 1480 saluen
996 1449 1115 1480 arcessi
1139 1448 1255 1480 iubes?
1373 1456 1423 1481 765

310 1500 394 1539 Quid
417 1504 451 1532 tu
475 1502 580 1533 tristis
605 1502 662 1533 es?
690 1502 769 1544 quid
799 1502 852 1534 ille
877 1507 984 1534 autem
1009 1503 1068 1534 abs
1092 1507 1123 1534 te
1146 1503 1251 1533 iratus
1274 1501 1423 1533 destitit?

309 1555 428 1587 Nescio
451 1556 528 1597 quid
553 1566 611 1587 uos
634 1556 763 1587 uelitati
788 1557 867 1588 estis
890 1557 975 1588 inter
998 1567 1058 1588 uos
1081 1556 1154 1587 (luo.

308 1609 466 1650 Loquere,
489 1614 563 1641 uter
586 1611 749 1642 meruistis
773 1610 912 1651 culpam,
937 1611 1060 1652 paucis,
1086 1621 1149 1641 non
1174 1610 1286 1649 longos
1310 1609 1411 1649 logos.

774 1690 956 1722 Matrona

310 1742 478 1784 Nusquam
504 1743 653 1784 equidem
677 1743 854 1785 quidquam
879 1744 1018 1786 deliqui;
1053 1744 1113 1775 hoc
1143 1744 1278 1784 primum
1310 1746 1342 1774 te
1366 1743 1422 1774 ab·

1022 1797 1124 1836 soluo,
1148 1801 1256 1838 pater3

377 1900 427 1925 748
445 1902 576 1925 autumen
594 1899 622 1925 Β
681 1900 731 1925 ’149
749 1899 835 1926 corda
855 1899 878 1926 C
942 1909 1008 1926 cura
1027 1903 1070 1926 est
1088 1899 1122 1933 Β,
1141 1900 1211 1925 dura
1229 1901 1272 1926 est
1290 1899 1312 1925 C
1373 1900 1423 1925 758

310 1943 428 1968 accersit
479 1942 530 1968 '756
549 1942 616 1967 haec
636 1941 658 1967 C
708 1942 786 1968 uolos
807 1942 829 1968 C
879 1943 929 1968 757
947 1942 1030 1969 dotae
1049 1943 1118 1969 frete
1137 1941 1164 1968 B
1217 1943 1268 1968 759
1287 1946 1382 1968 tumen
1403 1942 1425 1968 O

377 1985 451 2018 quod
472 1985 494 2011 C
546 1986 596 2010 '760
615 1985 732 2011 accersit
788 1986 837 2010 761
857 1985 982 2011 commisi
1001 1988 1048 2011 aut
1066 1985 1100 2017 Β,
1121 1985 1260 2011 commissi
1280 1987 1329 2010 aut
1347 1984 1368 2010 C

308 2027 376 2059 iugii
395 2028 429 2060 B,
448 2027 519 2059 uirgi
539 2027 560 2053 0
614 2028 664 2053 '764
683 2028 753 2054 hanc
770 2027 817 2053 ibo
836 2036 946 2053 norsum
968 2029 1028 2054 MA.
1050 2028 1076 2054 Β
1093 2032 1118 2054 ct
1137 2029 1195 2054 sinc
1216 2027 1276 2053 MA.
1296 2027 1318 2053 G
1373 2028 1424 2053 ⁷65

309 2070 430 2095 aduetuo
450 2070 471 2095 (ἲ
547 2070 649 2096 accersi
729 2070 805 2096 iubet
823 2070 845 2097 G
921 2073 971 2096 767
991 2071 1083 2096 uelinti
1103 2070 1136 2101 Β,
1157 2070 1242 2096 uoluti
1264 2069 1286 2094 C
1354 2070 1422 2096 duos

309 2113 360 2137 768
379 2113 458 2145 pauci
530 2113 605 2138 locos
675 2114 725 2138 769
744 2113 858 2139 absolue
877 2113 904 2138 B

1509 2184 1529 2357 ''¹50-
