1596 2478
307 152 348 181 gg
822 149 911 175 Plauti
1164 150 1186 182 1,
1205 152 1229 182 4,
1247 150 1349 183 24—11,
1371 152 1392 183 1,
1411 152 1428 177 2

393 243 443 274 Illi
468 254 526 283 ogo
550 254 586 274 ex
613 243 764 274 omuibus
787 247 919 283 optume
943 244 1028 275 uolo.

514 296 580 328 Iam
606 300 764 328 reuortar.

723 349 1009 382 Philematium

804 404 866 435 Diu
890 408 940 435 est
963 405 1046 436 'iam‘
1071 405 1102 436 id
1128 404 1214 436 mihi.
1378 414 1429 439 330

718 456 1013 490 Callidamates

396 510 515 552 Ecquis
538 510 590 541 hic
613 511 684 542 est?
730 510 842 548 Adest,
866 522 916 549 eu,
942 511 1156 543 Philolaches,

395 565 501 603 Salue,
525 564 728 596 amicissume
753 564 830 596 mihi
855 565 998 596 omnium
1023 565 1201 597 hominum.

746 618 995 650 Philolaches

397 672 434 704 Di
459 676 491 703 te
514 676 631 703 ament.
680 672 822 711 Adcuba,
845 672 1086 704 Callidamates.

515 725 607 758 Unde
631 728 701 766 agis
724 726 779 758 te?

721 779 1017 811 Callidamates

818 833 908 865 Unde
932 834 1028 865 homo
1053 834 1162 866 ebrius
1186 835 1296 876 probe.

747 886 997 918 Philolaches

397 941 480 980 Quin
506 941 623 972 amabo
647 941 800 979 adcubas,
826 941 986 981 Dephium
1011 942 1105 973 mea?
1381 951 1432 976 335

399 996 447 1026 Da
469 995 517 1026 illi
541 995 628 1036 quod
653 995 753 1026 bibat.

721 1047 1018 1081 Callidamates

799 1102 966 1134 Dormiam
990 1114 1049 1143 ego
1073 1104 1147 1134 iam.

766 1156 976 1197 Delphium

518 1210 599 1242 Num
624 1211 741 1241 mirum
764 1214 823 1242 aut
846 1221 964 1242 nouom
989 1211 1156 1251 quidpiam
1180 1211 1280 1243 facit?

314 1264 398 1301 Quid
422 1275 480 1304 ego
506 1264 566 1296 hoe
590 1263 707 1295 faciam
732 1264 870 1305 postea?

739 1317 1004 1350 Philolaches

796 1372 848 1404 Sic
871 1373 941 1404 sine
966 1383 1106 1413 eumpse.
1154 1373 1219 1413 Age
1244 1376 1277 1404 tu
1302 1373 1433 1404 interim

400 1427 450 1458 Da
472 1426 513 1458 ab
539 1426 677 1467 Delphio
702 1427 766 1458 cito
791 1426 983 1458 cantharum
996 1413 1137 1458 ’circum

313 1597 473 1629 TRANIO
498 1596 671 1628 SERUOS.
709 1596 1013 1628 PHILOLACHES.
1050 1596 1432 1635 (PJIILEMATIIJM.)

567 1655 904 1688 CALLIDAMATES.
947 1657 1183 1689 DELPHIUM.

794 1733 944 1764 Tranio

314 1787 462 1828 Iuppiter
485 1797 654 1827 supremus
678 1787 811 1818 summis
835 1787 952 1827 opibus
977 1791 1076 1827 atque
1102 1787 1271 1818 industriis
1385 1795 1436 1820 340

314 1840 366 1872 Me
391 1841 512 1881 perisse
537 1845 570 1872 et
593 1841 847 1872 Philolachetem
872 1845 963 1881 cupit
987 1841 1097 1872 erilem
1121 1840 1232 1872 filium.

382 1961 432 1986 329
451 1959 528 1986 CAL.
550 1960 619 1985 Ilico
638 1968 672 1985 ex
742 1960 792 1985 330
812 1959 891 1985 DEL.
912 1959 968 1984 Iam
988 1961 1113 1985 reuertar
1131 1958 1208 1984 CAL.
1282 1960 1330 1985 331
1353 1958 1432 1985 DEL.

315 2002 436 2035 Hecquis
456 2002 500 2028 hic
519 2002 581 2028 ost?
602 2002 680 2028 CAL.
734 2003 784 2028 332
803 2001 873 2027 Pul.
928 2003 978 2028 333
999 2002 1068 2027 l’lll.
1087 2009 1135 2027 om.
1189 2001 1395 2027 callidameutes
1416 2001 1438 2027 C

314 2046 364 2070 334
382 2053 420 2077 sq.
442 2045 530 2070 Probo
550 2045 617 2077 quin
687 2046 737 2071 335
757 2045 904 2070 accumbas
925 2045 946 2069 C
1015 2045 1064 2069 837
1083 2043 1203 2069 Pfflho.
1269 2044 1320 2070 338
1338 2047 1435 2076 postea

315 2095 376 2113 men.
395 2088 434 2112 sic
454 2087 513 2112 sine
533 2096 594 2112 vum
616 2088 674 2120 ipse
746 2095 795 2119 age
815 2090 844 2112 tu
865 2087 974 2112 interim
992 2086 1118 2119 prosimu
1136 2094 1215 2112 versu
