1596 2478
310 175 373 206 270
804 172 945 208 Epidicus.

311 271 488 300 coalescunt.
519 285 559 289 --
590 267 683 299 blatis
710 270 732 299 1.
762 284 803 289 ——
839 270 897 300 335
928 280 993 299 cum
1021 270 1112 299 Weis.
1143 274 1173 299 et
1200 270 1308 309 Speng.
1331 269 1430 298 Plaut.

310 333 338 359 p.
367 324 424 350 167
456 324 661 350 tetrametrum
691 320 830 349 creticum
864 321 928 350 feci.
994 321 1112 350 Goetz.:
1150 321 1253 357 „Quod
1287 330 1432 359 nusquam

311 375 488 409 gentiuinst:
513 382 606 409 neque
629 382 684 409 ego
708 372 738 401 id
762 382 849 401 aures
868 373 984 401 inmitto
1003 374 1115 401 meas⁴*.
1129 387 1171 392 —
1189 373 1260 401 336.
1285 370 1345 401 das
1367 382 1431 401 cum

311 424 421 461 Pylade
446 424 548 452 Goetz.

398 476 468 503 337.
503 474 685 512 Septenariis
715 475 848 503 iambicis
877 484 965 503 scena
989 475 1048 503 doli
1072 475 1256 512 triumphum
1279 475 1433 503 continens

310 528 423 563 scripta
446 528 498 553 est.
554 525 697 563 Epidicus
727 526 814 554 domo
843 526 996 562 egreditur
1023 535 1087 553 cum
1117 527 1255 563 pecunia,
1290 536 1378 564 quam
1406 527 1433 554 oi

311 577 438 606 tradidit
460 586 558 604 senex.
610 576 694 605 Hunc
718 578 746 604 in
771 577 906 605 exeundo
931 578 1019 605 etiam
1043 586 1120 605 nunc
1143 577 1319 614 alloquitur;
1354 577 1434 615 quod

311 632 407 656 autem
438 637 469 655 se
500 628 542 655 nit
565 637 649 655 suum
673 627 802 656 officium
834 628 979 656 facturum
1009 637 1089 662 esse,
1121 627 1207 664 longe
1236 627 1317 656 aliud
1345 632 1435 666 atque

311 689 399 708 senex
424 678 575 715 intelligit.
633 678 741 707 Versus
771 680 850 707 iusto
874 679 990 715 longior
1012 682 1071 714 θεῖς
1109 677 1178 713 „tu“
1205 679 1262 708 del.
1287 680 1381 717 Gepp.
1405 683 1435 708 et

313 730 432 765 Goetz.,
471 729 565 765 „iain“
600 729 735 758 Mueller.
770 744 811 748 —-
846 730 916 759 338.
945 726 1047 766 periit
1074 730 1144 758 olim
1174 731 1369 760 emendatum.
1396 746 1432 750 —

314 783 384 810 339.
410 779 462 810 Ne
480 781 583 818 scripsi
600 781 821 818 perspicuitatis
834 791 931 816 causa,
957 780 1040 808 codd.
1059 780 1145 817 „Ni“,
1169 791 1194 810 v.
1209 781 1246 810 nd
1259 781 1348 810 Most.
1362 783 1433 811 406.

312 831 389 869 quid
412 834 469 861 inm
493 833 521 860 in
542 832 563 860 B
587 831 784 860 emendatum.
812 846 852 851 -
884 833 942 860 339
968 841 1012 869 sq.
1032 831 1159 860 Weisius
1183 833 1299 870 spurios
1321 833 1436 868 habuit,

313 886 358 912 cui
394 885 422 912 in
452 884 551 921 priore
581 883 627 911 ed.
658 885 700 911 ita
731 892 868 911 assensus
896 892 976 917 sum,
1011 886 1045 910 ut
1077 892 1102 910 v.
1129 884 1188 912 338
1219 884 1324 912 iisdem
1353 884 1436 913 uncis

313 935 503 963 includerem.
560 934 620 962 Iam
645 934 835 962 verisimilius
858 933 928 961 mihi
952 933 1084 968 videtur,
1115 944 1141 962 v.
1167 935 1228 963 340
1251 935 1361 971 solum,
1387 935 1436 973 qui

313 987 350 1014 ab
374 987 493 1022 ingenio
516 985 613 1013 Plauti
637 985 797 1013 abhorrere
825 984 959 1019 videtur,
996 985 1197 1013 damnandum
1226 995 1304 1023 esse,
1339 989 1438 1015 cetera

313 1037 507 1065 emendanda.
564 1037 668 1074 Itaque
696 1046 761 1064 cum
785 1035 910 1064 Goetzio
933 1032 1124 1072 pollinctum
1151 1037 1272 1075 scripsi,
1306 1037 1326 1066 i.
1350 1047 1375 1066 e.
1400 1037 1437 1066 ad

313 1089 496 1126 sepulturam
525 1091 661 1126 paratum
695 1084 849 1125 (Geppert.
883 1086 1096 1124 „polluctum“‚
1132 1089 1150 1116 i.
1176 1098 1200 1116 e.
1229 1088 1436 1124 sacrificatum,

313 1149 340 1168 v.
366 1139 402 1167 nd
427 1139 510 1167 (Jurc.
540 1137 620 1175 193).
677 1138 750 1166 Tum
781 1148 971 1167 numerorum
996 1148 1083 1166 causa
1107 1138 1140 1167 tu
1164 1138 1281 1174 addidi;
1316 1138 1437 1168 Goetz.:

318 1190 372 1225 „Ni
397 1190 468 1227 quid
493 1190 559 1217 hinc
583 1191 611 1217 in
635 1199 717 1227 spem
742 1189 853 1216 referas
877 1189 948 1224 tibi;
975 1189 1030 1217 hoc
1054 1189 1164 1228 oppido
1187 1188 1247 1227 p.“.
1296 1188 1330 1219 in
1353 1197 1439 1227 spem

314 1237 432 1276 referre
456 1241 513 1269 dici
539 1240 656 1268 videtur
679 1243 712 1268 ut
737 1244 910 1278 „acceptum
935 1240 1077 1269 referre··.
1103 1255 1140 1260 —
1173 1242 1244 1270 340.
1269 1241 1345 1270 Edd.
1370 1241 1440 1270 inde

316 1303 331 1320 n
351 1292 445 1321 Cam.:
475 1292 587 1326 „Crede
602 1291 689 1319 modo
701 1294 732 1319 tu
747 1290 848 1319 mi11i“.
863 1305 904 1310 --
919 1292 989 1320 341.
1002 1292 1039 1320 ut
1050 1292 1176 1320 Guietus
1189 1292 1256 1321 add.
1271 1290 1403 1322 dedistis
1415 1293 1438 1322 I.

317 1358 356 1362 —
382 1344 452 1371 343.
476 1339 701 1379 impetrabilem,
725 1343 774 1379 qui
799 1343 877 1379 quod
903 1342 967 1370 vult
989 1343 1137 1380 impetrat.
1162 1340 1203 1380 (v.
1224 1343 1311 1372 Most.
1335 1341 1438 1381 1142),

316 1395 439 1422 felicem.
466 1409 504 1412 —
528 1400 627 1427 cesso,
659 1404 684 1421 v.
710 1393 745 1421 nd
771 1393 836 1421 Aul.
864 1394 933 1422 389.
960 1408 995 1412 —
1025 1395 1094 1422 343.
1119 1402 1186 1423 meo
1209 1396 1351 1424 omissum
1377 1405 1439 1424 esse

316 1446 466 1473 intellexit
488 1445 624 1481 Pyladea.
660 1441 809 1480 ctuSpI'cz'O,
834 1444 869 1473 cf.
892 1446 961 1473 381.
997 1445 1103 1482 Amph.
1127 1446 1194 1473 193.
1214 1460 1256 1465 -—
1275 1446 1346 1474 346.
1363 1442 1440 1483 plus

316 1494 413 1531 satis,
446 1496 504 1524 vid.
529 1495 565 1523 ad
591 1495 693 1524 Bacch.
719 1496 794 1531 6693
831 1495 896 1524 ndd.
928 1496 995 1524 Ter.
1020 1495 1095 1524 Eun.
1120 1497 1174 1525 85:
1213 1497 1289 1531 „iam
1313 1498 1440 1526 calesces

316 1548 384 1585 plus
407 1546 510 1582 satis“,
535 1556 621 1584 quam
646 1546 769 1583 figuram
794 1546 915 1581 Quintil.
937 1546 986 1582 lX,
1009 1548 1035 1581 3,
1058 1548 1094 1576 18
1119 1547 1332 1576 detractionem
1357 1548 1438 1576 dicit.

317 1613 357 1618 —
377 1596 511 1635 superfit
529 1597 608 1626 Cani.
623 1607 676 1626 em.
696 1611 735 1616 —
751 1598 821 1626 347.
853 1597 1058 1633 Quadraginta
1079 1598 1214 1635 debebat,
1238 1608 1263 1627 v.
1292 1600 1365 1635 1163
1388 1599 1440 1628 sed

317 1649 460 1686 Epidicus
483 1649 549 1687 plus
573 1648 787 1686 postulaverat,
817 1658 843 1677 v.
869 1649 945 1684 298,
970 1652 1000 1677 et
1028 1650 1248 1687 quinquaginta
1276 1654 1441 1688 acceperat,

318 1710 344 1728 v.
369 1701 440 1728 466.
479 1714 514 1719 —-
553 1700 622 1728 349.
662 1699 756 1735 „Quia
784 1709 839 1737 ego
868 1699 970 1728 tuu1n“
1003 1700 1015 1728 I
1039 1703 1070 1729 et
1092 1700 1114 1729 B
1138 1710 1226 1729 mnnu
1250 1701 1375 1729 novicia.
1400 1716 1440 1720 —

316 1748 525 1787 parenticida,
555 1750 635 1788 quod
658 1760 722 1779 voc.
746 1754 776 1778 et
799 1750 967 1778 Priscianus
990 1750 1003 1778 1
1026 1760 1054 1788 p.
1080 1752 1129 1786 26,
1155 1752 1172 1779 9
1197 1754 1227 1780 et
1249 1751 1380 1781 Isidorus
1403 1752 1439 1789 X,

319 1802 388 1836 225,
412 1811 573 1838 agnoscere
596 1802 745 1836 videntur,
770 1805 814 1829 est
837 1803 886 1839 qui
910 1805 1063 1838 parentem
1087 1802 1209 1837 occidit,
1241 1803 1364 1841 iureque
1387 1803 1441 1832 hoc

318 1855 419 1881 tuetur
442 1853 502 1880 Leo
525 1853 584 1880 ind.
610 1852 700 1880 schol.
727 1852 846 1880 Rostoc.
875 1852 1050 1885 1837—88.
1104 1853 1246 1891 Epidicus
1270 1855 1311 1882 ait
1333 1863 1364 1882 se
1388 1854 1440 1883 Pe-

320 1903 471 1940 riphanem
502 1904 544 1931 ita.
572 1903 745 1932 sffecturum
774 1906 808 1931 ut
831 1902 999 1931 afficiuntur
1022 1904 1072 1941 qui
1102 1908 1240 1942 parentes
1269 1905 1439 1934 occiderint.

319 1953 444 1982 lubebat
477 1957 574 1982 autem
611 1956 733 1992 antiqua
767 1954 815 1982 lex
849 1954 927 1992 apud
963 1954 1043 1982 Fest.
1078 1965 1106 1992 p.
1142 1955 1200 1983 170
1238 1959 1346 1993 „caput
1379 1956 1442 1985 eius

319 2004 476 2040 obnubere,
501 2006 552 2042 qui
576 2008 728 2042 parentem
753 2006 947 2034 necavisset··.
1006 2005 1136 2033 Eandem
1169 2009 1331 2043 agnoscunt
1354 2006 1440 2034 Rhet.

319 2055 356 2083 ud
382 2055 506 2084 Here-un.
526 2056 548 2091 1,
577 2057 624 2092 12,
647 2057 701 2084 23:
730 2055 904 2090 „Malleolus
928 2055 1074 2085 iudicatus
1098 2059 1144 2084 est
1166 2060 1288 2084 matrem
1312 2066 1440 2086 necasse.

320 2105 355 2134 Ei
379 2106 521 2134 damnato
550 2107 651 2135 statim
682 2106 813 2135 folliculo
843 2107 945 2144 lupino
973 2117 1006 2136 os
1034 2107 1205 2136 obvolutum
1235 2110 1280 2137 est
1302 2111 1332 2136 et
1353 2108 1441 2137 soleae
