1596 2478
604 199 635 226 V.
654 200 798 226 elo—869.
1204 202 1262 232 165

137 296 261 325 indicari
280 298 411 335 possint;
435 297 487 324 sed
501 306 536 325 ex
549 297 593 332 iis,
614 306 679 334 quae
698 300 817 325 servata
836 300 914 332 sunt,
934 297 1067 325 dubitari
1085 298 1134 326 vix
1152 299 1262 334 potest,

137 349 207 385 quin
230 351 295 376 tota
318 358 406 377 scena
430 348 611 385 anapaestica
635 348 732 376 fuerit.

222 400 293 428 829.
325 399 430 427 Hiatus
460 402 527 437 post
551 399 583 427 tn
613 401 642 426 et
671 401 740 436 post
770 396 831 427 adi.
859 414 894 418 —
928 400 998 427 831.
1029 397 1063 428 in
1086 396 1210 434 ordine,
1235 409 1261 427 v.

137 450 173 478 ad
198 450 288 478 Pocn.
315 451 385 479 589.
418 465 452 468 —
485 457 613 487 aequom
642 449 708 478 edd.
739 463 779 468 —
810 450 880 478 833.
917 449 990 478 Octo
1015 459 1154 479 versuum
1177 450 1264 478 initia

137 501 301 538 perierunt.
348 498 490 529 Memora
515 501 691 539 supplerunt
715 500 779 528 edd.
813 516 851 520 —
882 501 953 529 Post
981 498 1083 529 hercle
1110 501 1209 529 hiatus
1232 501 1263 528 in

138 554 252 580 mutata
275 562 411 590 personn-
447 567 487 570 —
521 551 593 580 Inde
623 551 659 580 ab
690 552 743 580 hoc
772 561 858 580 versu
888 562 941 589 per
971 553 1117 589 reliquam
1146 561 1263 580 scenam

137 606 306 631 contextum
331 604 440 632 codicis
463 603 502 638 B,
535 603 652 640 quicum
677 602 689 630 I
713 605 742 631 et
766 602 790 631 E
813 604 1016 638 consentiunt,
1052 605 1094 632 ita
1117 604 1263 641 expressi-

139 664 217 689 mus,
252 657 286 682 ut
309 657 339 683 et
362 664 464 683 versus
488 657 679 682 servarentur
708 657 738 682 et
767 654 939 682 lacunarum
974 656 1085 692 spatia,
1120 657 1264 692 quantum

138 704 201 733 fieri
218 708 326 742 posset,
352 708 542 743 apparerent.
561 720 602 724 —
622 706 692 734 834.
719 702 893 743 Postquam
913 703 1088 734 ‹Iecubm'sti
1102 705 1264 734 Lambinus

138 765 193 784 em.
227 771 263 775 -
300 756 327 784 tc
358 756 423 785 add.
450 756 563 784 Becker
592 758 622 784 in
645 756 777 784 Studem.
803 756 887 785 Stud.
912 756 925 784 I
948 767 977 794 p.
1006 758 1078 792 150,
1113 757 1164 785 sed
1196 759 1266 794 post

137 814 315 836 memorare.
335 822 375 826 —
400 809 469 836 835.
494 803 540 835 At
562 807 631 836 olim
656 808 826 845 suppletum
851 811 904 836 est.
952 807 1040 836 Metri
1065 817 1153 836 causa
1176 808 1265 835 etiam

138 861 206 887 autc
234 855 397 887 Cauebzmt
417 859 560 887 excidisse
581 857 655 892 „At“
677 858 865 887 crediderim.
894 874 928 877 —
956 859 1026 887 840.
1053 854 1206 888 Gladium
1228 866 1266 886 ne

139 909 206 938 add.
232 909 322 947 Lang.
360 924 397 928 —
433 910 504 938 Post
531 910 608 938 huuc
636 919 754 938 versum
785 910 814 938 in
839 910 861 938 B
892 911 979 938 unius
1010 920 1112 938 versus
1136 909 1266 946 spatium

139 964 233 995 vacat,
264 971 316 989 nec
339 964 436 989 tamen
460 960 621 998 quidquam
644 961 791 989 interiisse
814 960 911 989 credo.
934 976 971 980 —
998 961 1067 989 842.
1092 960 1172 989 esset
1194 960 1266 988 olim

140 1012 335 1041 emendatum.
361 1027 400 1031 —-
426 1013 496 1041 845.
521 1008 692 1046 calamitas,
722 1012 820 1049 qualis
844 1012 928 1040 olera
951 1015 981 1040 et
1003 1015 1120 1049 segetes
1144 1011 1266 1048 aggredi

140 1063 232 1094 solet,
262 1066 296 1091 ut
319 1073 405 1092 vesca
428 1063 515 1098 fiant,
539 1063 575 1091 cf.
600 1063 666 1091 Ter.
692 1062 766 1091 Eun.
793 1064 842 1091 79.
866 1078 908 1082 —
932 1064 1002 1091 847.
1035 1060 1099 1101 Ubi*
1115 1065 1144 1090 et
1162 1059 1269 1099 inquit

141 1117 280 1152 corrupta
303 1118 381 1142 sunt.
428 1114 510 1142 Nihil
538 1114 619 1142 aliud
648 1114 812 1152 requiritur
841 1124 948 1152 quam:
985 1114 1118 1150 „Blande
1147 1113 1266 1151 appello

140 1164 308 1193 Casinam“.
336 1181 371 1184 --
398 1166 468 1194 851.
495 1163 577 1194 estis.
603 1165 697 1203 Gepp.
715 1163 889 1200 „mulieres“
907 1165 1000 1194 addit.
1022 1179 1058 1184 —-
1085 1165 1156 1193 853.
1188 1160 1267 1194 Uolo

141 1218 203 1245 siue
228 1217 317 1245 dubio
341 1220 522 1254 corruptum.
553 1231 592 1236 -
623 1217 694 1244 854.
727 1213 862 1245 Nullum
891 1213 999 1245 omettz't
1020 1214 1115 1245 ctiam
1136 1213 1266 1245 uerbum

141 1268 234 1306 Gepp.
263 1283 298 1287 —
325 1270 394 1297 859.
426 1265 514 1297 labra
538 1268 608 1296 olim
633 1278 688 1296 ein,
714 1283 753 1287 —
784 1269 854 1295 860.
879 1265 1012 1296 astiiuto
1035 1267 1103 1295 olim
1129 1267 1267 1295 emenda—

142 1322 214 1348 tum.
240 1334 276 1339 -
304 1320 373 1348 862.
393 1317 576 1356 proficiens,
606 1320 624 1347 i.
645 1329 669 1347 e.
689 1320 894 1356 progredienS,
918 1322 952 1347 ut
970 1318 1041 1347 Caes.
1062 1318 1094 1347 B.
1113 1317 1148 1346 G.
1167 1317 1190 1354 I,
1218 1318 1266 1346 38.

142 1370 216 1399 Plin.
242 1371 276 1399 Η.
301 1371 336 1399 N.
360 1370 484 1405 XXXII,
509 1372 541 1399 4:
581 1380 689 1408 „quum
719 1380 734 1398 e
757 1373 820 1398 tota
843 1371 935 1399 classe
959 1370 1182 1408 quinqueremis
1205 1368 1268 1397 sola

142 1432 200 1450 non
223 1421 413 1459 proficeret“.
468 1422 563 1457 Vulgo
586 1424 688 1450 notum
715 1421 880 1459 „proficere
904 1422 933 1449 in
957 1420 1098 1449 litte1·is“.
1131 1435 1167 1439 —
1199 1426 1269 1448 cum

142 1473 257 1502 ornatu
286 1481 347 1511 quo
376 1471 482 1507 ¹uide-5⁸,
512 1483 552 1501 sc.
575 1482 622 1501 me
647 1474 742 1508 exire,
779 1474 821 1500 ita
851 1475 974 1500 ornatus
1003 1475 1037 1500 ut
1066 1471 1163 1506 vides,
1198 1471 1215 1498 i.
1242 1480 1266 1498 e.

141 1526 204 1553 sine
227 1525 334 1562 pallio,
370 1535 397 1553 v.
423 1526 494 1554 864.
518 1524 560 1552 Cf.
586 1524 622 1552 ad
646 1524 710 1552 Mil.
738 1524 784 1552 16.
847 1523 890 1551 De
917 1524 1027 1551 omissa
1056 1523 1267 1560 praepositione

142 1577 177 1605 cf.
203 1577 273 1605 297.
301 1591 337 1595 -
364 1578 434 1605 865.
459 1573 547 1605 (ιιῖἱΐα
570 1575 640 1603 olim
664 1585 729 1610 em.‚
755 1585 781 1603 v.
806 1575 843 1603 ad
866 1575 933 1603 Aul.
960 1575 1029 1603 370.

229 1628 301 1656 867.
332 1627 509 1664 Lysidamus
533 1627 607 1662 exit3
631 1635 751 1654 uxorem
776 1629 950 1663 ceterosque
975 1636 1034 1654 nou
1057 1625 1149 1653 videt.
1194 1623 1267 1652 Tres

143 1680 230 1717 primi
253 1689 356 1708 versus
379 1679 522 1708 trochaici
546 1678 707 1716 septenarii
731 1677 886 1712 videntum
919 1677 1047 1714 proximi
1078 1678 1203 1713 propter
1225 1674 1267 1702 la-

143 1740 233 1759 cunas
256 1731 369 1759 incerti.
427 1730 573 1758 876—78
602 1729 769 1757 tetrametri
798 1729 908 1757 cretici.
966 1729 1025 1756 879
1056 1727 1180 1755 dimeter
1204 1735 1266 1754 cre-

143 1782 219 1810 ticus
253 1791 317 1810 cum
353 1781 479 1810 dimetro
512 1780 665 1809 trochaico
700 1780 879 1808 catalectico.
950 1779 1010 1807 880
1046 1778 1171 1806 dimeter
1200 1787 1267 1804 ana-

143 1833 291 1870 paesticus.
338 1834 396 1861 881
418 1833 554 1860 trimeter
569 1831 773 1869 anapaesticus.
811 1831 955 1859 882—83
976 1829 1094 1858 iambici
1112 1828 1267 1856 octonarii.

146 1884 205 1913 884
230 1884 371 1913 iambicus
395 1884 591 1922 septenarius.

231 1936 301 1964 867.
326 1936 408 1964 Duos
430 1935 543 1972 primos
562 1943 664 1962 versus
681 1933 801 1961 Brixius
814 1933 890 1961 Ann.
904 1932 1007 1970 philol.
1021 1930 1145 1959 CXXXI
1163 1940 1192 1968 p.
1207 1931 1267 1958 202

145 1989 285 2024 quattuor
308 1987 496 2015 catalecticos
520 1985 662 2013 dimetros
685 1984 880 2021 anapaesticos
903 1983 983 2011 facit.
1010 1997 1048 2001 —
1077 1979 1156 2020 quid
1177 1988 1270 2017 aqam

145 2035 222 2067 meis
239 2034 339 2073 rebus,
364 2037 400 2066 cf.
419 2037 525 2066 Pseud.
550 2036 626 2064 783:
654 2035 761 2071 „rebus
785 2034 857 2072 quid
879 2035 985 2062 faciam
1009 2031 1112 2062 1neis“.
1132 2047 1172 2051 —
1197 2032 1267 2060 868.

148 2088 210 2119 iam
238 2100 342 2118 versus
371 2098 458 2117 causa
488 2087 599 2116 addidi.
630 2101 672 2104 —
700 2083 847 2122 dispudet
869 2085 1009 2123 Geppert.
1041 2095 1096 2113 em.
1128 2098 1164 2112 —-.
1197 2084 1267 2111 869.

147 2138 222 2169 Mea
235 2140 310 2178 quia
327 2139 422 2175 edidi3
446 2148 528 2176 supei
536 2139 614 2166 iores
629 2135 771 2173 „Omnia“
784 2148 791 2172 3
815 2136 867 2165 sed
880 2136 907 2164 h.
920 2136 939 2164 l.
953 2135 966 2163 I
980 2139 1012 2164 ut
1024 2136 1084 2164 873
1097 2134 1187 2173 paulo
1200 2134 1268 2172 plus
