1596 2478
295 164 335 192 90
817 160 907 187 Plauti
1219 161 1254 194 Π,
1274 162 1295 193 l,
1316 162 1416 187 18—28

720 254 986 286 Philolaches

651 308 738 347 Quid
763 318 822 347 ego
846 317 888 339 0ae
910 311 942 340 te
965 308 1087 340 audio?

776 366 928 399 Tranio

1093 421 1265 462 Absumpti
1289 431 1415 460 sumus3

296 475 402 512 Pater,
427 475 570 515 inquam,
593 478 669 505 tuus
693 475 792 506 uenit.

720 533 986 565 Philolaches

704 587 766 619 Ubi
791 588 819 619 is
844 590 904 626 est,
929 587 1088 619 obsecro?

781 646 928 678 Tranio

1048 699 1088 731 In
1104 701 1202 739 portu
1225 701 1287 731 iam
1311 699 1414 731 adest.

721 759 982 792 Philolaches
1015 783 1019 786 -

296 812 376 850 Quis
400 813 432 844 id
458 814 525 845 ait?
550 814 623 854 quis
647 813 753 845 uidit?

781 874 929 905 Tranio

779 927 927 967 Egomet,
950 927 1094 968 inquam,
1119 927 1195 958 uidi.

726 985 986 1018 Philolaches

808 1050 811 1052 '
1235 1038 1303 1071 Uae
1327 1037 1415 1070 mihi.

295 1081 381 1120 Quid
405 1092 463 1123 ego
487 1092 547 1122 ago
571 1083 677 1114 nunc?

781 1142 928 1174 Tranio

392 1195 475 1234 Quid
500 1199 545 1233 tu,
571 1196 701 1234 malum,
727 1206 776 1228 me
800 1197 936 1236 rogitas,
961 1195 1040 1236 quid
1064 1196 1164 1235 agas?
1188 1195 1348 1226 Adcubas.
1368 1202 1418 1228 360

731 1254 982 1287 Philolaches

296 1307 366 1339 Tun
390 1308 526 1340 uidisti?

783 1363 931 1394 Tranio

542 1416 689 1457 Egomet,
712 1417 855 1458 inquam.

724 1476 989 1508 Philolaches

871 1529 988 1561 Certe?

777 1589 803 1620 T
812 1599 855 1621 ra
864 1600 884 1620 n
893 1590 902 1620 i
911 1600 929 1621 o

1009 1642 1106 1680 Certe,
1131 1643 1272 1684 inquam.

724 1701 987 1734 Philolaches

1295 1742 1418 1781 Occidi,

296 1786 328 1818 Si
353 1790 388 1818 tu
413 1798 492 1819 uera
516 1798 684 1819 memoras.

783 1847 930 1878 Tranio

727 1900 811 1939 Quid
837 1900 914 1931 mihi
938 1901 980 1931 sit
1004 1900 1091 1937 boni,
1115 1901 1141 1931 si
1166 1900 1326 1930 mentiar?

364 2011 414 2036 357
434 2014 478 2036 ete
532 2011 582 2036 353
601 2011 629 2036 in
649 2014 730 2043 portu
749 2011 803 2036 iam
825 2018 874 2036 om.
929 2011 979 2036 360
998 2010 1100 2043 agam?
1118 2009 1173 2035 TR.
1195 2009 1264 2035 Num
1281 2009 1315 2039 Β,
1336 2017 1416 2041 agam

296 2061 362 2078 num
383 2053 404 2079 C
499 2054 604 2086 rogitet
624 2053 647 2080 C
739 2053 878 2079 accubans
975 2054 1021 2078 341
1043 2051 1094 2078 'rui
1115 2052 1209 2078 inuisti
1229 2051 1251 2077 C'
1335 2051 1417 2077 Certe

296 2095 412 2122 alterum
430 2103 479 2122 om.
551 2096 600 2121 362
619 2096 752 2121 mentirer
