1596 2478
307 146 366 174 360
777 142 953 169 Mostellaria.

305 244 489 270 tetrameter.
536 240 595 267 873
621 248 705 276 nuap.
730 238 862 268 dimeter.
909 241 969 269 874
993 243 1111 269 tetram.
1131 241 1314 270 bacchiacus.
1360 243 1420 271 875

306 292 552 332 penthemimeres
576 291 717 319 iambicus
742 301 804 319 cum
824 291 950 320 dimetro
974 292 1138 322 bacchinon.
1181 293 1240 322 876
1266 293 1423 323 Reizianus

307 342 355 382 (cf.
381 343 496 378 Proleg.
509 353 537 380 p.
555 341 637 377 191).
673 343 734 371 877
759 342 882 371 dimeter
905 347 941 372 tr.
962 347 1017 372 cat.
1042 354 1107 373 cum
1131 344 1264 382 tripodis
1287 347 1325 372 tr.
1361 346 1422 374 878

305 395 448 424 iambicus
471 395 665 431 septenarius.
713 395 772 422 879
797 398 935 432 anupaest.
961 398 1141 424 tetrameter.
1189 396 1332 424 880—81
1355 406 1422 434 sep-

306 447 413 475 tenarii
433 445 583 473 trochaici.
632 446 776 474 882—83
800 447 907 475 senarii
926 447 1053 475 iambici.
1100 447 1160 476 884
1186 446 1312 475 dimeter
1336 448 1422 476 iamb.

306 498 392 527 catal.
440 497 498 524 885
521 506 607 534 nnnp.
632 496 765 525 dimeter.
812 498 872 526 886
896 497 1063 526 trochaicus
1086 499 1262 527 octonarius.

393 549 462 576 868.
509 548 570 576 Aut
593 544 690 577 Marce
713 549 806 577 alteru
829 549 973 586 producta
996 549 1159 587 legendum,
1184 552 1236 578 aut
1258 560 1323 578 cum
1347 550 1425 589 Bug-

306 602 355 638 gio
383 600 489 637 „Mane
512 597 627 628 mnne“.
673 600 743 628 869.
761 600 893 629 Studem.
913 601 1026 629 hiatum
1044 604 1113 638 post
1132 597 1289 630 Pllanisce
1311 603 1425 638 statuit,

307 653 401 690 Bugg.
426 661 491 680 cum
515 651 659 679 Muellero
691 652 797 686 „etiam
827 651 864 679 nd
888 650 952 680 me“
978 651 1119 681 scribunt.
1165 652 1305 681 Extremo
1328 656 1425 682 autem

307 714 394 733 versu
416 701 479 731 sies
502 702 667 739 legendum,
691 704 715 730 si
739 704 924 741 septenarius
947 706 1000 732 est.
1019 718 1061 722 —
1081 701 1214 740 respicis
1237 707 1332 732 autem
1356 706 1426 733 scri-

307 755 434 785 bendum
458 757 492 783 ut
510 755 579 789 375,
605 764 637 782 ac
661 754 702 782 sic
715 753 955 790 Sonnenschein.‚
975 764 1041 783 nam
1059 755 1254 793 imperativus
1274 755 1422 794 „respice“

307 818 333 836 v.
355 807 416 835 464
441 806 527 834 aliter
550 805 805 834 dimum—870.
836 803 912 836 Uide
934 806 991 834 sibi
1015 806 1096 842 dicit,
1120 806 1175 842 vel,
1199 807 1224 835 si
1247 807 1301 836 hoc
1324 809 1426 843 mavis,

308 860 427 888 incertae
450 861 480 886 et
502 856 576 886 fictae
600 867 743 895 personae,
768 860 801 886 ut
823 867 913 894 supra
936 858 1006 886 417.
1053 857 1130 886 Men.
1151 858 1189 886 87
1213 868 1256 896 sq.
1277 858 1340 888 Cas.
1356 859 1424 888 684.

309 911 345 940 ad
375 910 441 938 Aul.
472 910 521 938 46.
570 909 637 937 Ter.
668 909 759 937 Andr.
791 909 850 937 256
883 907 1038 944 „censen“.
1084 909 1159 938 Eun.
1192 910 1251 938 265
1287 909 1424 945 „uiden“.

308 962 364 990 Ad.
390 962 450 990 766
477 958 594 996 ‚,uide“.
618 960 698 998 apud
722 959 838 988 Livium
862 960 968 998 saepius
999 959 1124 996 „adde“,
1155 961 1234 999 apud
1257 960 1426 990 Ciceronem

312 1013 404 1050 „Ecce
428 1011 502 1040 tibi“
529 1009 641 1049 (Pison.
657 1013 705 1048 21,
730 1009 783 1049 48)
807 1011 873 1040 alia.
898 1027 938 1032 —
961 1009 1055 1041 simia
1079 1012 1213 1041 odiosum
1242 1013 1360 1048 animal,
1390 1013 1426 1042 cf.

309 1065 372 1094 Mil.
398 1065 468 1094 984.
493 1064 580 1092 Truc.
606 1064 682 1092 266:
710 1063 901 1099 „Pudendum
926 1067 955 1092 et
978 1073 1049 1092 uere
1073 1064 1217 1093 clurinum
1242 1063 1361 1102 pecus“.
1386 1080 1427 1084 —

310 1118 379 1152 Quae
414 1118 443 1145 iu
467 1115 551 1144 codd.
585 1118 759 1153 sequuntur,
795 1118 824 1143 et
857 1118 998 1153 corrupta
1031 1118 1100 1144 sunt
1129 1130 1165 1135 -
1197 1116 1242 1144 ed.
1265 1126 1310 1154 pr.
1339 1117 1428 1152 „mihi

309 1167 391 1197 sum“
424 1183 463 1187 —
488 1177 541 1195 nec
569 1176 621 1195 suo
650 1167 716 1195 loco
746 1167 852 1204 posita.
904 1167 1054 1195 Acidalius
1086 1177 1113 1204 p.
1139 1168 1198 1196 240
1229 1170 1309 1196 recte
1337 1169 1427 1197 anim-

309 1220 439 1249 advertit
461 1221 529 1256 post
553 1219 613 1247 872
638 1218 773 1256 ponenda
796 1227 868 1246 esse.
907 1217 997 1253 „Cum
1014 1217 1196 1256 parasitum“
1216 1220 1313 1257 inquit
1335 1220 1428 1255 „alter

309 1272 504 1309 increpuisset
527 1273 565 1306 et,
590 1269 676 1306 unde,
699 1269 890 1299 ostendisset:
915 1269 1034 1298 subiicit
1058 1270 1112 1306 hic,
1142 1269 1198 1298 sibi
1221 1280 1251 1299 se
1274 1281 1346 1307 esse,
1377 1272 1428 1309 qui

309 1324 358 1358 sit,
384 1326 472 1360 atque
496 1323 538 1350 ita
561 1322 662 1357 libere,
686 1331 740 1349 nec
760 1321 922 1359 quidquam
945 1321 1025 1350 illius
1044 1320 1217 1351 iuteresse“.
1252 1322 1313 1351 Nec
1329 1325 1428 1351 tamen

309 1375 472 1403 absolutam
497 1373 733 1401 emendationem
757 1382 876 1409 censeo,
910 1383 976 1401 nam
1000 1375 1033 1401 ut
1056 1373 1093 1401 ad
1116 1374 1273 1411 propiora,
1303 1383 1362 1402 non
1391 1374 1429 1403 ad

310 1426 469 1454 remotiora
492 1425 552 1453 haec
571 1425 723 1463 responsio
744 1425 899 1460 referatur,
913 1424 1099 1454 scribendum
1113 1427 1171 1454 est:
1196 1422 1284 1454 Mihi
1299 1423 1330 1454 Si
1348 1422 1430 1455 lubet

310 1485 386 1512 esse,
416 1479 434 1506 i.
458 1487 482 1504 e.
512 1478 535 1505 si
566 1476 653 1504 edere
683 1476 754 1504 mihi
784 1476 874 1504 lubet.
905 1490 948 1495 —
977 1477 1047 1505 872.
1079 1473 1146 1505 cibo
1175 1486 1230 1514 pro
1258 1477 1428 1515 pyrrhichio

310 1529 475 1565 legendum,
500 1528 558 1556 vid.
574 1528 652 1556 Prol.
665 1538 693 1566 p.
709 1529 779 1557 206.
804 1543 844 1547 —
867 1525 958 1563 enim,
982 1528 1017 1556 cf.
1037 1527 1103 1556 Cas.
1117 1527 1188 1557 260.
1227 1528 1289 1557 Mil.
1305 1529 1375 1558 810.
1389 1543 1428 1548 —

311 1581 381 1615 8755,
396 1590 421 1608 v.
437 1580 471 1608 ud
486 1580 556 1608 870.
573 1594 610 1599 —-
633 1581 692 1608 874
707 1576 853 1608 Ferocem
864 1575 966 1614 facis‚·
984 1579 1096 1607 Ritsch.
1132 1579 1160 1608 te
1172 1579 1288 1607 addidit
1301 1583 1333 1608 ut
1346 1581 1429 1608 Asin.

312 1633 381 1660 348.
417 1632 499 1659 (Wurc.
517 1633 585 1666 538,
612 1642 664 1660 nec
687 1632 788 1660 abesse
807 1641 892 1669 posse
913 1631 1039 1663 videtur.
1064 1631 1197 1668 quumvis
1221 1632 1334 1659 numeri
1357 1631 1429 1659 nihil

311 1683 379 1711 nddi
399 1684 559 1720 patiuntur.
582 1698 617 1702 —-
638 1690 708 1711 erus
727 1683 800 1712 tuus
813 1683 911 1711 Herm.
932 1698 972 1703 —
996 1681 1096 1718 amat;
1119 1682 1278 1711 obscenum
1302 1692 1429 1711 amorem

311 1735 337 1762 ei
362 1734 473 1769 obiicit,
498 1744 524 1762 v.
551 1735 620 1763 878.
662 1734 823 1763 Phaniscus
843 1734 1037 1772 opprobrium
1061 1735 1124 1763 eius
1147 1743 1239 1771 nugas
1262 1743 1324 1762 esse
1349 1733 1429 1769 dicit,

311 1786 449 1814 molestas
468 1786 533 1813 illas
552 1786 686 1823 quidem,
711 1786 763 1814 sed
783 1786 892 1814 nullius
910 1786 1065 1824 ponderis3
1094 1782 1217 1821 fumum
1235 1785 1374 1823 appellat,
1398 1789 1431 1814 ut

311 1837 387 1865 Plnt.
402 1837 474 1874 Rep.
488 1837 529 1865 IX
542 1848 570 1875 p.
585 1838 641 1866 581
659 1838 698 1866 D:
713 1838 816 1865 καπνὸν
828 1838 871 1865 καὶ
883 1839 1026 1875 φλυαρίαν,
1042 1837 1098 1873 sl.;
1116 1837 1167 1865 sed
1180 1846 1331 1865 servorum
1344 1836 1431 1865 modo

311 1899 369 1917 non
394 1889 485 1926 ipsum
510 1899 571 1917 rem
596 1890 680 1926 ponit
702 1890 753 1918 sed
777 1889 806 1918 id
830 1889 907 1927 quod
932 1889 1000 1918 iude
1019 1888 1157 1925 efficitur,
1181 1891 1215 1917 ut
1237 1889 1323 1917 alteri
1340 1889 1431 1917 iuter-

313 1940 475 1977 rognndum
506 1941 553 1974 sit,
583 1941 653 1978 quid
677 1941 732 1969 sibi
762 1941 850 1974 velit,
881 1941 916 1969 cf.
942 1940 1004 1968 Mil.
1032 1941 1106 1969 327:
1140 1939 1231 1976 „Tam
1261 1939 1332 1968 mihi
1362 1942 1431 1968 sunt

313 2001 417 2019 manus
441 1992 619 2029 inquinatae,
645 1992 696 2020 SC.
721 1993 775 2027 Qui
795 1989 889 2020 dum?
923 1992 982 2020 ΡΑ.
1018 1992 1093 2026 Quia
1116 1991 1186 2019 ludo
1210 1989 1304 2019 luto“.
1328 1990 1366 2019 al.
1394 2005 1428 2009 —

315 2042 385 2071 875.
412 2042 513 2077 „Oculi
539 2042 596 2071 mi“
623 2043 741 2081 Speng.,
767 2046 799 2071 ut
822 2046 940 2071 tetram.
964 2042 1064 2072 bacch.
1088 2042 1147 2071 fiat.
1172 2057 1210 2061 —
1238 2039 1429 2077 „molestust“

314 2093 359 2130 R„
387 2096 456 2122 cett.
480 2109 521 2112 —
546 2095 615 2122 876.
640 2094 747 2123 Servus
771 2095 868 2123 senior
892 2094 1066 2123 Phaniscum
1091 2097 1187 2122 tacere
1211 2093 1300 2130 iubet,
1323 2093 1432 2132 quippe
