1596 2478
316 175 355 204 32
824 171 913 198 Plauti
1236 173 1256 205 Ι,
1276 174 1300 206 3,
1319 173 1400 200 99-1
1406 175 1437 201 10

747 265 1006 297 Philolaches

317 320 398 358 Uah,
417 320 495 360 quid
514 320 569 351 illa
588 324 666 360 pote
684 320 777 360 peius
796 319 975 360 quidquam
987 319 1121 351 muliere
1134 321 1367 352 memorarier?
1385 330 1435 355 250

315 373 408 406 Nunc
432 373 636 405 adsentatrix
661 373 802 405 scelesta
825 378 883 410 est.
907 373 1029 405 dudum
1052 374 1260 406 aduorsatrix
1284 379 1363 406 erat.

732 435 755 466 P
766 435 821 467 hil
831 437 979 468 ematiu
989 447 1018 467 m

316 477 404 509 Cedo
429 488 604 510 cerussam.

798 531 955 573 Scapha

623 585 706 624 Quid
730 596 865 618 cerussa
889 597 968 626 opus
992 586 1088 618 nam?

734 656 1022 689 Philematium

1071 711 1132 750 Qui
1156 711 1258 743 malas
1282 712 1434 744 oblinam.

799 764 958 806 Scapha

317 819 389 852 Una
412 829 512 860 opera
536 818 616 850 ebur
639 822 822 850 atramento
845 819 1059 851 candefacere
1082 820 1240 860 postules.

743 883 1008 916 Philolaches
1421 915 1425 920 ,

317 938 439 980 Lepide
469 939 592 970 dictum
621 938 660 970 de
689 941 874 970 atramento
903 942 1002 979 atque
1027 938 1134 970 ebure.
1181 939 1284 979 Euge,
1315 938 1435 979 plaudo

1031 992 1188 1033 Scaphae.

734 1045 1020 1078 Philematium

315 1101 396 1132 Tum
420 1105 455 1132 tu
481 1101 579 1141 igitur
603 1100 683 1131 cedo
709 1101 946 1141 purpurissum.

795 1171 956 1211 Scapha

823 1224 895 1256 Non
921 1225 976 1265 ‹lo3
1001 1226 1083 1257 scita
1106 1236 1141 1257 es
1165 1229 1200 1257 tu
1225 1225 1368 1266 quidem,
1387 1234 1437 1260 255

313 1280 408 1312 Noua
434 1281 563 1321 pictura
586 1279 787 1320 interpolare
811 1280 861 1310 uis
885 1290 968 1320 opus
991 1279 1251 1320 lepidissumum.

314 1334 385 1366 Non
409 1335 515 1366 istanc
538 1337 681 1365 aetatem
706 1337 836 1374 oportet
859 1333 1061 1374 pigmentum
1085 1333 1187 1364 ullum
1210 1333 1392 1373 adtingere,

314 1388 428 1429 Neque
446 1398 613 1420 cerussam
632 1398 737 1428 neque
756 1387 911 1418 melinum
929 1398 1034 1428 neque
1048 1387 1146 1419 aliam
1160 1387 1261 1419 ullam
1275 1386 1436 1419 offuciam.

735 1458 758 1489 P
767 1457 788 1489 h
797 1458 807 1489 i
816 1457 825 1488 l
834 1468 850 1489 e
859 1468 889 1489 m
899 1459 1020 1489 atium

315 1512 404 1555 Cape
427 1513 529 1554 igitur
553 1512 731 1554 speculum.

745 1566 1010 1598 Philolaches

705 1621 744 1652 Ei
767 1621 845 1652 mihi
870 1621 1003 1659 miser03
1027 1621 1154 1652 sauium
1178 1620 1310 1660 speculo
1336 1619 1436 1651 dedit.

316 1675 420 1707 Nimis
435 1677 531 1708 uelim
545 1675 697 1716 lapidem,
720 1675 776 1716 qui
790 1685 848 1715 ego
862 1675 908 1706 illi
921 1673 1054 1715 speculo
1069 1674 1248 1706 diminuam
1260 1679 1367 1715 caput.
1387 1682 1439 1708 260

794 1746 866 1778 Sca
905 1747 961 1778 ha.

320 1801 467 1832 Linteum
492 1811 572 1841 cape
596 1805 694 1842 atque
718 1804 848 1841 exterge
873 1758 932 1832 {lbi
957 1810 1081 1831 manus.

730 1871 1017 1902 Philematium

1090 1923 1173 1961 Quid
1197 1924 1253 1961 ita,
1278 1923 1438 1955 obsecro?

385 2028 436 2053 250
454 2031 546 2061 potest
566 2027 588 2055 0
662 2027 773 2054 mulieri
791 2025 818 2053 Β
893 2026 1030 2052 morai-ier
1103 2026 1153 2051 252
1172 2033 1241 2058 opos
1260 2023 1295 2055 Β,
1316 2026 1400 2058 opust
1419 2023 1442 2050 C'

317 2071 367 2097 254
386 2071 469 2096 ebore
491 2070 513 2096 G
564 2070 669 2104 caphae
687 2069 714 2095 B
772 2070 822 2095 255
840 2069 1073 2103 pur-purissimum
1129 2069 1179 2094 258
1197 2066 1330 2101 affugium
1389 2067 1440 2092 259

318 2113 382 2139 dedi
401 2112 427 2139 Β
498 2114 548 2139 260
567 2113 622 2138 dim
642 2113 751 2139 minuat
769 2112 805 2145 B,
823 2112 970 2138 imminuat
989 2111 1012 2138 0
1079 2111 1168 2144 capud
1187 2110 1213 2136 Β
