1596 2478
291 173 350 201 168
793 169 900 196 Casina.

287 267 324 296 de
351 277 410 304 quo
440 267 500 295 vid.
525 267 655 295 Studem.
681 268 756 295 Anu.
781 267 853 305 phil.
877 266 970 295 XCII!
999 277 1028 304 p.
1055 269 1103 296 59.
1139 282 1179 287 -—-
1213 267 1256 296 D'e
1285 263 1408 297 bacchis

287 329 314 347 v.
339 319 375 347 ad
399 318 466 346 Aul.
492 319 561 346 400.
597 333 631 337 -
664 319 734 347 903.
763 314 866 346 Immo
894 318 999 356 scripsi
1023 328 1076 356 pru
1102 317 1181 354 „in“.
1228 318 1322 356 Gepp.
1346 319 1407 346 seni

288 370 348 397 haec
372 369 492 397 tribuit:
531 370 626 404 „Quin
650 369 680 397 id
702 369 767 398 fiori
791 379 849 398 non
872 368 1011 407 potest?“
1043 384 1081 388 —
1113 370 1183 398 904.
1219 370 1252 397 Iu
1275 371 1408 397 extremo

287 430 373 448 versu
398 420 511 456 antiqui
535 420 615 448 edd.:
653 421 768 458 „palam
787 419 863 455 est“,
887 420 1020 449 Studem.
1039 420 1124 448 Stud.
1143 420 1156 448 1
1175 431 1202 458 p.
1225 421 1262 449 36
1282 419 1407 448 duceA:

290 470 402 508 „palles
431 470 536 499 n1ale“.
594 471 652 499 Sed
683 471 837 508 Myrrhina
865 472 1060 499 Cleostratam
1097 471 1272 509 alloquitur;
1308 471 1410 507 itaque

281 518 381 558 pallet
403 518 483 550 ‘male
505 521 701 550 scribendum.
732 538 771 542 —
807 522 877 551 Post
900 522 927 550 h.
952 532 977 550 v.
1004 531 1107 550 novem
1138 531 1240 551 versus
1270 522 1300 549 in
1323 520 1407 549 codd.

288 573 394 601 ceteris
422 573 570 610 scriptura
599 576 717 609 vacant,
753 575 782 602 in
811 574 836 601 A
865 573 1058 602 Studemund.
1089 573 1152 601 Ind.
1182 572 1272 601 schol.
1297 571 1409 610 Gryph.

293 623 457 652 1871-72
476 633 504 661 p.
523 625 557 652 15
578 624 725 652 intellexit
741 627 808 653 octo
827 625 1014 661 septenarios
1038 625 1137 659 fuisse,
1161 633 1286 662 quorum
1309 625 1411 651 sextus

229 709 231 711 ‚
287 677 412 712 propter
440 674 657 712 longitudinem
688 675 846 713 bipertitus
874 675 972 703 fuerit.
1031 675 1165 703 Priorum
1195 684 1295 713 pancae
1318 677 1347 702 et
1370 674 1410 702 in-

289 728 376 753 certae
411 725 546 762 reliquiae
581 729 801 764 apparuerunt3
836 726 971 754 ultimum
1003 726 1080 754 hunc
1108 726 1197 754 fuisse
1227 726 1410 763 suspicatur:

292 772 353 811 Qui
381 773 474 804 etiam
503 783 550 804 me
578 774 725 805 miseriem
753 773 910 812 famosum
937 773 1013 812 fecit
1042 774 1173 814 flayitiis
1207 773 1290 812 suis,
1325 785 1412 813 quem

288 826 403 855 Nonius
426 837 454 865 p.
481 828 539 856 305
565 838 599 856 ex
622 829 760 856 Asinaria
783 828 877 856 affert.
936 828 1069 863 „Verba“
1096 829 1193 865 inquit
1218 827 1298 863 „sine
1322 826 1413 855 dubio

289 877 475 915 Olympionis
503 882 572 907 sunt
600 879 637 907 ad
666 879 855 916 Lysidamum
891 889 1045 914 conversa,
1080 889 1144 916 quae
1179 879 1215 907 ab
1249 878 1303 907 hoc
1336 875 1413 906 Non

291 925 396 957 Iaces?
425 929 524 957 verbis
547 931 734 967 excipiuntur
758 931 818 959 sive
842 931 941 968 potius
966 927 1252 968 interrumpuntur“.
1276 943 1317 947 —
1340 928 1412 956 913.

289 987 437 1008 ἠιαπωηο
460 983 490 1008 et
513 982 542 1009 in
566 982 701 1019 proximo
721 991 806 1010 versu
827 988 917 1018 opert?
934 981 1013 1009 Cam.
1027 991 1082 1010 em.
1099 995 1137 1000 -
1156 982 1226 1009 915.
1252 979 1413 1008 Edebatur:

293 1029 372 1066 „LY.
398 1031 453 1059 Tui
477 1033 584 1060 amoris
608 1043 694 1060 causa
717 1042 771 1069 ego
794 1033 871 1060 istuc
894 1031 958 1060 feei.
993 1032 1051 1060 CL.
1077 1031 1169 1060 Immo
1187 1031 1285 1059 hercle
1303 1028 1413 1066 illius“‚

290 1082 340 1110 ubi
364 1082 484 1110 saltem:
522 1083 632 1118 „Immo
655 1085 698 1111 tui
723 1082 833 1120 ipsius“
860 1083 1014 1111 dicendum
1038 1086 1111 1111 erut.
1163 1082 1221 1111 Sed
1245 1082 1273 1110 in
1297 1082 1323 1110 A
1345 1090 1413 1118 spa-

290 1133 365 1161 tium
390 1136 435 1161 est
457 1137 525 1162 ante
547 1142 615 1170 (yo,
651 1137 683 1162 ut
715 1134 761 1162 hic
792 1144 899 1162 novum
922 1144 1084 1163 sermonem
1109 1134 1237 1171 incipere
1260 1136 1413 1170 appareat.

293 1183 361 1212 Haec
384 1193 454 1221 ergo
482 1184 632 1221 Lysidami
663 1186 857 1223 interrogatio
890 1189 943 1213 est.
1000 1185 1073 1212 Tum
1098 1185 1137 1213 A:
1171 1183 1299 1213 ecastor.
1357 1182 1413 1211 Pro

294 1233 412 1270 „illius“
439 1239 536 1263 nutem
556 1235 649 1274 Gepp.
672 1238 790 1274 „pius“‚
813 1236 892 1273 quod
916 1246 972 1265 non
997 1236 1140 1272 intelligo,
1166 1246 1235 1273 ego:
1253 1232 1357 1272 prius,
1382 1238 1415 1262 ut

291 1286 458 1315 Cleostrata
482 1287 568 1322 dicat,
599 1297 630 1315 se
659 1289 716 1316 iam
747 1291 816 1316 ante
845 1297 932 1325 quam
956 1287 1162 1324 Olympionem
1187 1287 1358 1316 hortaretur
1381 1288 1416 1313 ut

292 1338 428 1366 Casinam
452 1341 597 1375 posceret,
621 1348 751 1367 amorem
775 1340 838 1367 eius
861 1340 890 1367 in
909 1338 1046 1367 Casinam
1069 1338 1178 1367 vidisse
1198 1342 1227 1365 et
1244 1340 1414 1375 precantem

292 1389 483 1426 oppressisse.
511 1404 544 1408 -—
573 1390 644 1418 916.
669 1388 812 1426 oppressi
835 1390 914 1418 Cam.
966 1387 1029 1418 Sed
1052 1399 1114 1427 ego.
1169 1388 1283 1424 „dicta“
1305 1388 1417 1417 delevit

293 1439 382 1467 Weis.
409 1455 448 1459 —
473 1441 542 1468 918.
568 1438 599 1469 si
622 1439 676 1477 (Jm'
699 1441 734 1469 A.
759 1455 799 1459 -
829 1437 970 1476 monebo,
1003 1441 1112 1478 alapis;
1142 1450 1234 1478 quare
1258 1440 1418 1478 respondet

293 1489 478 1527 Lysidumus,
501 1501 532 1519 se
555 1492 656 1529 potius
679 1502 896 1527 concessurum,
921 1495 953 1520 ut
976 1492 1055 1520 dicat
1074 1503 1104 1520 se
1125 1502 1193 1520 vern
1212 1501 1276 1519 esso
1296 1491 1417 1519 credere

293 1550 359 1578 quae
382 1542 437 1570 sibi
463 1541 614 1570 obiiciant.
647 1557 681 1562 —
715 1544 785 1571 920.
817 1543 937 1571 Numeri
962 1544 1010 1571 vix
1033 1544 1105 1571 sani.
1131 1542 1266 1570 Mueller.
1295 1541 1415 1570 Prosod.

293 1602 322 1630 p.
349 1593 423 1621 378:
463 1592 538 1628 „Sed
562 1603 645 1629 uxor,
670 1597 720 1622 tuo
744 1595 809 1622 uiro
833 1593 907 1622 hunc
931 1594 969 1622 da
992 1593 1139 1627 ueniam“,
1165 1604 1234 1631 ego:
1274 1593 1351 1627 „Sed
1374 1597 1416 1626 tu,

294 1652 377 1678 uxor,
406 1643 471 1671 uiro
496 1643 533 1672 da
556 1644 583 1673 h.
608 1643 655 1674 u.“
687 1660 728 1664 —
758 1646 828 1673 922.
860 1645 917 1673 Pro
946 1642 997 1674 Ne
1020 1645 1135 1682 antiqui
1158 1644 1224 1673 edd.
1251 1642 1415 1680 ‚‚Nedum“.

294 1693 420 1723 Gronov.
445 1698 524 1723 recte
553 1696 762 1725 animadvertit
790 1696 844 1724 hac
868 1697 1050 1725 correctione
1073 1706 1149 1734 opus
1172 1705 1230 1724 non
1254 1705 1326 1730 esse,
1350 1704 1417 1723 nam

297 1744 371 1781 „ne“
409 1745 512 1774 eadem
547 1747 574 1774 vi
609 1748 696 1785 poni,
739 1747 775 1776 cf.
810 1747 847 1776 ad
877 1747 976 1775 Aulul.
1008 1747 1079 1775 4213.
1143 1747 1200 1775 Sed
1240 1745 1418 1774 indicativus

295 1796 380 1833 sequi
409 1807 467 1825 non
502 1800 606 1834 potest.
675 1796 901 1827 Animadvertit
935 1799 1024 1826 etiam
1054 1797 1222 1835 Madvigius
1252 1796 1360 1835 Opusc.
1390 1797 1418 1826 11

295 1857 324 1885 p.
350 1848 386 1875 81
414 1857 470 1876 non
497 1848 640 1883 „nedum“
673 1849 719 1877 hie
745 1850 865 1887 requiri,
899 1849 951 1877 sed
977 1859 1054 1885 „non
1079 1847 1196 1877 modo“.
1242 1847 1302 1876 Nos
1325 1848 1420 1884 igitur

296 1907 360 1927 cum
385 1898 536 1935 Madvigio
568 1909 684 1928 versum
715 1901 846 1937 spurium
878 1900 1033 1934 habemns,
1068 1910 1101 1928 nc
1130 1901 1186 1927 iam
1210 1899 1420 1928 Taubmaunus

297 1949 507 1986 adnotaverat,
553 1951 576 1978 si
617 1950 708 1986 absit,
754 1951 826 1979 nihil
869 1951 972 1980 deesse
1011 1951 1172 1979 sententiae.
1210 1965 1245 1969 —
1283 1951 1354 1979 924.
1390 1948 1419 1979 ei

297 1999 398 2028 addidi
432 2010 534 2029 versus
575 2011 676 2037 causa3
717 2001 852 2030 Mueller.
892 2000 1073 2037 ‚,1necastor“
1115 2001 1218 2031 voluit.
1283 2001 1352 2030 Post
1385 2000 1421 2030 ut

298 2050 400 2079 addidi
440 2050 487 2086 tm
532 2052 620 2088 vulgo
663 2051 742 2088 „uti“
779 2051 894 2086 editur,
941 2052 1021 2090 quod
1060 2052 1209 2090 improbat
1248 2052 1353 2081 Luchs.
1391 2053 1419 2080 in

297 2102 429 2130 Studem.
455 2102 538 2130 stud.
565 2102 577 2130 I
605 2113 635 2140 p.
666 2104 720 2131 25:
757 2103 781 2131 is
815 2103 889 2131 coni.
923 2104 1056 2138 „ueniam
1090 2103 1164 2131 hanc
1199 2102 1324 2131 dandam
1359 2102 1416 2138 ei“,
