1596 2478
334 179 396 208 2⁷6
824 176 966 209 Epidicus.

335 274 405 301 425.
431 272 541 307 tamen,
567 281 593 299 v.
618 272 654 300 ad
678 271 784 309 Amph.
812 273 881 301 538.
907 287 948 292 --
970 273 1040 301 426.
1065 268 1256 308 adleqassem
1279 271 1346 300 edd.
1383 270 1456 299 Post

334 323 362 352 h.
387 334 413 352 v.
438 323 536 351 hiatur
559 324 588 350 in
611 332 730 351 caesurn..
777 323 810 351 lu
833 324 970 360 proximo
993 333 1079 352 versu
1105 322 1230 360 „quam“
1257 322 1455 350 omittendum

334 385 406 409 esse,
431 374 616 402 Camerarius
635 374 719 408 vidit,
739 374 788 402 sed
808 383 865 402 non
887 375 980 402 minus
998 375 1162 403 necessaria
1179 378 1225 402 est
1248 373 1454 410 transpositio:

333 423 503 454 Hominem
524 422 637 453 minus.
683 424 784 453 Goetz.
809 425 928 453 maluit:
965 425 1048 463 „Ego
1072 426 1096 453 si
1121 425 1302 462 adlegassem
1327 424 1455 461 aliquem

334 476 481 505 hominem
505 475 542 503 ed
566 475 622 504 hoc
645 478 803 511 negotium,
828 476 927 504 Minus
949 486 1036 514 quam
1061 476 1138 504 hunc
1161 471 1310 504 doctum.“
1325 489 1366 494 —
1383 475 1454 503 428.

337 525 380 557 OS
401 523 558 561 sublitum,
585 537 610 554 v.
636 526 673 554 ad
697 527 796 555 Aulul.
818 527 889 555 660.
914 542 955 547 —
981 526 1118 564 „itaque“
1145 537 1198 555 nec
1222 536 1276 564 per
1299 535 1329 554 se
1353 529 1455 562 aptum

333 582 391 614 est,
428 581 458 606 et
491 578 610 606 dativus
643 577 845 613 desideratur-3
886 578 1045 614 Kiessling.
1075 580 1105 606 in
1136 578 1211 606 Mus.
1231 577 1334 606 Rhen.
1358 576 1455 605 XXIV

334 640 363 667 p.
390 630 448 658 118
481 629 527 664 „ei
556 627 663 666 atque“
695 629 834 663 coniecit,
869 629 1003 658 Mueller.
1029 629 1109 658 Pros.
1136 640 1165 667 p.
1191 630 1250 658 505
1280 625 1325 656 mi
1354 627 1454 665 atque.

337 695 371 699 —-
396 676 477 709 albis
499 676 653 715 (lentibus,
681 679 884 716 „significatur
908 681 1092 709 cachinnatio
1116 684 1147 708 et
1171 681 1248 708 risus
1271 679 1402 711 effusior,
1426 679 1455 706 in

333 742 393 768 quo
421 731 525 759 dentes
554 730 763 759 denudantur“
790 730 869 759 Cam.
900 746 941 750 ·—
969 732 1042 760 429.
1071 728 1225 759 derideret
1252 732 1281 759 iu
1305 731 1328 758 B
1359 739 1455 758 emen-

334 783 437 812 datum
461 785 515 811 est.
539 796 581 801 -—-
605 783 675 810 430.
701 779 774 819 quis
796 778 863 810 illic
885 781 950 810 est?
975 783 1063 819 Seyff.
1089 793 1143 811 em.
1171 797 1207 802 --
1232 783 1304 810 431.
1333 778 1455 817 „Quas-

333 841 404 862 sare
439 836 484 862 est
518 832 665 867 movere“,
701 833 814 861 Nonius
842 843 870 870 p.
903 834 963 862 254
994 833 1068 862 hunc
1099 843 1216 862 versum
1251 829 1338 870 („qui
1373 841 1455 860 suam

333 886 493 914 undantem
518 883 610 919 cet.“)
634 885 719 920 quasi
739 893 773 912 ex
793 884 889 912 Milite
908 884 1042 912 afferens.
1090 883 1279 921 Magnificum
1297 893 1328 911 se
1347 883 1456 911 faciens

333 938 411 965 inter
433 935 561 964 eundum
585 935 766 972 chlamydem
792 936 896 969 iactat,
927 945 987 973 quo
1010 935 1044 963 fit
1066 938 1099 963 ut
1121 935 1268 963 undarum
1291 933 1456 963 similitudo

333 989 463 1022 oriatur3
498 987 533 1015 cf.
558 987 671 1014 Afranii
695 995 722 1014 v.
749 987 824 1015 237:
863 986 1039 1024 „Magnifice
1069 987 1136 1015 volo
1158 986 1324 1014 fluctuatim
1353 986 1396 1013 ire
1419 984 1456 1012 ud

332 1037 444 1067 illum.“

418 1089 489 1117 432.
513 1088 645 1116 Aduenit
667 1089 750 1117 miles
774 1099 839 1118 cum
863 1089 972 1124 nacula.
998 1098 1084 1126 quem
1109 1098 1243 1126 quaerere
1261 1088 1460 1125 Periphanem'

333 1141 424 1169 iubet.
485 1136 568 1168 Cane
585 1138 811 1176 praeterbi11133
846 1150 913 1168 mox
936 1141 996 1168 434
1021 1136 1193 1174 rettuleris,
1223 1143 1256 1167 ut
1279 1141 1358 1168 inter
1382 1148 1455 1176 prae-

332 1195 444 1220 sentem
479 1194 509 1218 et
542 1191 705 1228 perfectum
740 1192 919 1219 coniunctivi
960 1191 1032 1219 nihil
1072 1193 1200 1220 intersit.
1273 1191 1336 1218 Hoc
1377 1190 1454 1227 apud

333 1242 470 1271 Plautum
504 1242 772 1279 frequentissimum
807 1246 860 1277 est,
894 1242 944 1270 sed
979 1242 1058 1271 illius
1086 1252 1203 1279 quoque
1233 1241 1367 1279 exempla
1397 1251 1455 1269 non

335 1304 410 1329 rara,
435 1303 462 1321 v.
482 1293 588 1330 Amph.
609 1294 679 1321 838.
716 1295 796 1321 Asin.
819 1294 887 1322 369.
925 1293 1029 1322 Bacch.
1055 1293 1143 1321 1030.
1186 1293 1271 1330 Cupt.
1291 1294 1363 1321 430.
1383 1293 1454 1321 438.

333 1345 421 1373 Most.
449 1345 518 1372 316.
545 1344 614 1372 795.
642 1345 732 1372 1006.
768 1344 874 1372 Pseud.
903 1345 992 1373 1299.
1027 1344 1119 1372 Stich.
1144 1345 1193 1373 40.
1219 1359 1260 1363 -—
1283 1345 1354 1372 433.
1381 1339 1454 1372 Plo-

334 1393 456 1424 them'us
479 1405 534 1423 em.
560 1395 685 1432 Potitus,
717 1397 735 1424 i.
761 1406 785 1423 e.
810 1397 956 1430 Πλωθεύς,
987 1405 1021 1423 ex
1045 1404 1122 1433 pago
1146 1397 1255 1429 Attico,
1279 1395 1325 1423 eui
1349 1404 1455 1423 nomen

333 1448 472 1475 Ιιλώθεια.
488 1446 612 1474 —434.
638 1442 790 1482 Incertus,
813 1448 832 1474 i.
857 1457 880 1475 e.
907 1450 940 1474 ut
962 1456 1019 1474 non
1043 1449 1124 1474 certo
1147 1447 1232 1480 seins,
1256 1445 1305 1474 ubi
1329 1445 1453 1473 habitet.

336 1514 372 1518 ——
398 1499 469 1526 436.
501 1496 756 1526 εοηφηοηείναεεο
779 1497 801 1525 Β
827 1507 900 1525 man.
927 1508 984 1526 sec.
1009 1501 1038 1525 et
1061 1500 1130 1526 cett.
1156 1512 1196 1517 —-
1226 1498 1297 1525 437.
1329 1495 1456 1524 ornatus

333 1550 428 1587 Gepp.
453 1559 507 1577 em.
533 1562 573 1567 --
598 1549 669 1576 439.
701 1545 920 1586 tranquillima,
956 1558 1095 1584 vacuum,
1130 1549 1179 1577 ubi
1203 1549 1349 1577 neminem
1373 1547 1454 1574 oblo-

333 1603 472 1638 quentem
507 1599 625 1628 habeas.
662 1614 698 1619 —
735 1601 796 1628 442
833 1600 919 1628 affert
949 1600 1118 1628 Priscianus
1147 1599 1205 1635 111,
1239 1609 1268 1637 p.
1300 1599 1360 1627 600
1391 1607 1456 1626 cum

335 1651 420 1680 codd.
440 1652 469 1679 in
488 1651 637 1688 scriptura
654 1648 690 1679 de
708 1647 796 1679 illius
813 1648 886 1679 illae
903 1651 1098 1679 consentiens.
1139 1650 1224 1685 Quod
1241 1659 1331 1687 quum
1351 1659 1455 1687 purum

334 1702 562 1739 intelligeretur,
593 1711 628 1729 ex
651 1702 858 1730 emendatione
881 1701 946 1730 cod.
971 1701 1032 1730 Pal.
1060 1703 1073 1730 1
1101 1701 1167 1730 edd.
1194 1701 1249 1737 „de
1273 1701 1352 1730 illius
1374 1699 1455 1735 ore“,

334 1753 419 1790 quasi
438 1752 492 1780 hoc
512 1752 639 1788 intelligi
658 1755 767 1790 posset.
804 1753 945 1781 Goetzius
963 1762 1026 1781 cum
1041 1752 1220 1781 Ribbeckio:
1247 1753 1289 1787 „si
1301 1750 1457 1790 praedicat

334 1804 408 1832 Suas
431 1813 545 1841 pugnas
570 1803 708 1838 duellis“,
744 1804 792 1831 vix
823 1803 937 1832 melius.
994 1804 1086 1831 Immo
1103 1811 1183 1839 prae
1206 1813 1260 1840 pro
1286 1802 1359 1839 ‚‚de“
1385 1804 1454 1832 scri-

335 1854 480 1889 bendum,
514 1857 547 1882 ut
569 1851 688 1882 Trucul.
715 1855 790 1883 378:
830 1863 936 1891 „quom
965 1856 1042 1883 inter
1076 1865 1129 1883 nos
1159 1854 1351 1883 sordebamus
1380 1854 1456 1883 alter

335 1915 405 1942 prae
429 1903 539 1933 altero“
566 1902 630 1942 (ubi
655 1906 756 1934 eodem
781 1914 882 1934 errore
905 1906 930 1933 A
958 1904 1030 1939 „de“
1057 1915 1111 1944 pro
1129 1901 1262 1944 „prae“)‚
1286 1906 1305 1933 i.
1327 1915 1351 1933 e.
1370 1905 1455 1943 parvi

335 1955 586 1984 existimabamur.
632 1955 679 1984 Sic
703 1956 730 1984 h.
745 1956 779 1984 l.:
803 1955 833 1984 Si
857 1956 973 1984 fortiori
999 1955 1130 1985 deterior
1152 1966 1218 1985 suas
1238 1956 1364 1984 virtutes
1382 1965 1455 1993 prae-

335 2006 430 2041 dicat,
466 2017 526 2043 prae
556 2006 634 2034 illius
663 2006 825 2035 virtutibus
853 2016 920 2035 suns
949 2007 1071 2035 sordere
1099 2007 1221 2036 videbit.
1278 2006 1322 2034 De
1345 2007 1455 2034 omisso

334 2058 458 2093 nomine,
483 2057 561 2085 unde
585 2059 741 2095 genetivus
764 2057 884 2095 pendet,
908 2067 934 2086 v.
960 2057 1058 2086 Madv.
1083 2057 1134 2086 Gr.
1158 2057 1225 2086 Lat.
1251 2058 1311 2086 280
1335 2067 1401 2085 uun.
1426 2058 1453 2085 2.

334 2107 400 2136 Ter.
415 2107 492 2136 Eun.
507 2108 583 2136 444:
612 2109 653 2143 „si
673 2108 807 2137 laudubit
823 2108 895 2136 haec
913 2108 992 2136 illius
1011 2109 1145 2145 formam,
1164 2111 1198 2137 tu
1215 2108 1302 2137 huius
1320 2106 1454 2136 contra“.
