1596 2478
331 182 388 212 190
823 181 913 208 Plauti
1133 181 1169 216 11,
1188 184 1212 216 3,
1231 182 1347 216 37—111,
1368 185 1390 216 1,
1412 185 1442 210 16

329 274 426 305 Ducit
449 274 590 306 lembum
616 275 794 306 dierectum
818 276 912 307 nauis
934 276 1153 316 praedatoria.

326 328 388 359 Sed
412 339 471 368 ego
495 329 627 360 inscitus
649 338 730 366 sum,
754 329 809 370 qui
834 339 890 360 ero
915 340 964 361 me
989 330 1149 371 postulem
1173 331 1388 370 moderarier-3

327 381 421 412 Dicto
446 393 495 413 me
519 382 597 413 emit
620 383 816 420 audientem,
841 383 928 415 haud
951 385 1180 425 inperatorem,
1205 385 1276 416 sibi.

327 435 515 475 Sequimini,
539 440 582 473 ut,
600 437 686 477 quod
706 438 934 478 inperatumst,
953 439 1081 470 ueniam
1101 438 1276 470 aduorsum
1296 439 1440 480 temperi.

625 735 863 768 PENICULUS
898 735 1138 768 PARASITUS.

326 837 401 868 Plus
428 838 564 877 triginta.
586 843 682 870 natus
707 840 800 870 annis
823 850 903 876 sum,
927 850 1022 881 quom
1048 840 1173 870 interea.
1195 838 1258 870 loci
1390 846 1441 872 485

325 891 509 932 Numquam
533 892 711 933 quidquam
737 893 861 924 facinus
885 893 946 925 feci
972 894 1062 934 peius
1086 903 1189 933 neque
1213 892 1386 924 scelestius

324 945 426 982 Quam
451 945 558 983 hodie,
582 957 678 986 quom
697 947 730 978 in
749 948 930 979 contionem
951 948 1089 979 mediam
1109 957 1158 978 me
1178 947 1309 977 inmersi
1328 947 1439 984 miser3

325 998 386 1030 Ubi
411 1010 468 1040 ego
493 1000 568 1031 dum
594 1000 690 1035 hieto.
716 1001 945 1033 Menaechmus
969 1012 1002 1033 se
1026 1000 1233 1032 subterduxit
1256 999 1333 1031 mihi

325 1055 430 1094 Atque
453 1054 544 1092 abiit,
569 1054 611 1086 ad
635 1056 781 1093 amicam,
805 1056 910 1093 credo,
934 1066 1038 1096 neque
1063 1066 1112 1086 me
1137 1055 1243 1086 uoluit
1267 1053 1392 1085 ducere.

325 1107 386 1144 Qui
411 1108 500 1139 illum
525 1109 556 1140 ‹li
583 1120 692 1140 omues
717 1110 877 1150 perduint,
902 1111 956 1151 qui
982 1110 1106 1150 primus
1129 1112 1320 1139 conmentus
1344 1112 1395 1139 est

323 1160 513 1193 Contionem
540 1162 669 1200 habere,
694 1163 749 1204 qui
774 1163 919 1195 homines
943 1168 1118 1204 occupatos
1143 1162 1298 1203 occupat!
1388 1170 1438 1195 441

328 1214 414 1248 Unos
438 1216 479 1247 ad
503 1228 574 1248 eam
598 1228 664 1248 rem
689 1218 812 1249 otiosos
836 1218 982 1249 homines
1006 1217 1115 1248 decuit
1139 1216 1244 1256 deligi,

321 1268 383 1307 Qui
407 1271 467 1301 nisi
492 1270 611 1309 adsint,
636 1282 732 1311 quom
756 1272 907 1309 uitentur⁷
931 1282 1046 1303 census
1069 1270 1088 1310 †
1112 1271 1244 1311 capiant
1266 1269 1350 1307 ilico,

322 1324 371 1361 Qu
394 1347 558 1356 ......
583 1336 679 1366 quam
703 1329 838 1357 senatus
862 1351 995 1356 .....
1020 1325 1174 1356 contione
1199 1349 1205 1355 .
1231 1350 1236 1355 .
1262 1349 1269 1356 .

323 1402 910 1410 ............
1385 1386 1436 1412 445

321 1432 463 1463 Adfatim
489 1437 539 1464 est
562 1433 735 1471 bominum,
760 1433 792 1464 in
816 1433 886 1464 dies
910 1433 965 1473 qui
990 1432 1132 1473 singulas
1155 1442 1245 1464 escas
1268 1432 1368 1470 edint,

322 1485 445 1523 Quibus
469 1487 579 1527 negoti
603 1487 684 1518 nihil
707 1492 771 1525 est,
802 1488 857 1528 qui
887 1498 995 1519 essum
1019 1497 1123 1527 neque
1147 1490 1308 1518 uocantur
1331 1497 1434 1527 neque

1032 1543 1166 1579 uocant3

321 1595 385 1626 Eos
409 1598 538 1636 oportet
561 1596 703 1626 contioni
728 1595 806 1626 dare
829 1605 961 1636 operam
985 1598 1084 1635 atque
1107 1595 1254 1626 comitiis.

320 1649 353 1681 Si
377 1649 409 1680 id
432 1651 479 1681 ita
502 1653 598 1687 esset,
623 1660 687 1681 non
711 1659 770 1689 ego
795 1649 890 1681 hodie
915 1648 1127 1690 perdidissem
1150 1648 1332 1689 prandium.

321 1703 415 1741 Quod
438 1708 506 1735 tam
530 1703 626 1735 credo
649 1703 750 1735 letum
775 1703 891 1742 obisse,
915 1712 1012 1743 quam
1036 1713 1086 1734 me
1109 1703 1206 1734 uideo
1230 1703 1350 1734 uiuere.
1384 1710 1435 1736 450

387 1824 435 1848 431
456 1823 572 1849 limbum
626 1823 769 1848 derectum
790 1821 822 1854 B,
842 1822 994 1848 dlerectum
1015 1821 1037 1847 C
1086 1822 1136 1847 432
1154 1820 1253 1847 insitus
1304 1829 1363 1847 sum
1382 1828 1432 1847 om.

318 1865 393 1899 quod
412 1874 496 1892 rumae
517 1865 550 1898 B,
570 1865 637 1898 quid
656 1873 733 1891 rome
754 1864 775 1891 G
851 1866 901 1890 434
920 1864 1091 1897 Sedquirnini
1112 1863 1134 1890 C
1208 1863 1431 1896 temperi.Peni-

318 1909 395 1934 culus
415 1908 438 1934 0
500 1909 549 1934 -135
568 1908 646 1934 aunis
666 1913 748 1933 natus
810 1916 874 1940 qum
942 1907 994 1933 436
1012 1910 1093 1940 atque.
1113 1906 1139 1932 Β
1204 1906 1255 1931 438
1273 1905 1338 1931 dum
1357 1905 1385 1931 hi
1405 1910 1433 1931 et

318 1951 530 1976 «menaechmus
549 1950 583 1982 B,
603 1950 638 1976 du
657 1950 723 1976 mihi
743 1954 769 1975 et
790 1950 1012 1975 ominum-chunis
1033 1950 1054 1975 C
1135 1949 1185 1974 439
1203 1949 1259 1973 abit
1279 1948 1305 1973 B
1381 1949 1433 1974 440

318 1994 376 2025 Quo
396 1992 430 2025 B,
449 1992 507 2025 Qun*
528 1992 550 2019 C
621 1993 742 2026 pot-dunt
760 1992 786 2018 Β
861 2001 912 2025 que
931 1993 1064 2025 ciprirnus
1083 1991 1118 2024 B,
1136 1991 1199 2024 quei
1220 1991 1324 2024 primus
1345 1990 1367 2017 Ο

318 2040 522 2061 commentuest
596 2038 643 2061 441
665 2037 715 2061 huc
734 2035 811 2068 requi
830 2034 864 2066 B,
884 2034 949 2060 hare
969 2035 1014 2068 qui
1035 2035 1056 2060 G
1129 2035 1179 2059 442
1198 2033 1258 2059 Non
1277 2033 1312 2059 ud
1381 2034 1432 2059 443

318 2079 456 2104 ciuetetur
475 2078 508 2110 B,
528 2079 664 2104 citenetur
684 2077 705 2104 C
754 2078 873 2103 444—45
891 2085 942 2103 om.
962 2076 1012 2103 BC
1064 2078 1113 2102 447
1134 2077 1246 2102 uocauit.
1296 2077 1348 2101 450
1365 2076 1430 2108 quui

318 2124 372 2147 tam
391 2120 475 2146 credo
494 2121 588 2146 dutum
609 2121 728 2147 uoluisse
746 2127 865 2154 quamne
