1596 2478
128 218 150 249 l,
172 220 193 251 1,
211 219 314 244 66—77
611 221 775 248 Cistellaria,
1215 226 1255 256 87

589 315 792 348 Selenium

129 367 171 398 At
195 366 272 398 mihi
297 367 476 400 cordolium
504 372 562 400 est.

564 439 822 481 Gymnasium

327 492 390 530 Qui
414 493 469 524 id‘?
495 493 580 525 uude
605 498 655 525 est
679 493 739 525 tibi
764 504 828 532 cor,
853 504 1069 533 conmemora,
1095 495 1254 527 obsecro?

127 546 218 584 Quod
251 558 353 588 neque
388 558 447 586 ego
482 547 587 579 habeo
623 558 728 588 neque
758 549 932 588 quisquam
964 549 1029 580 alia
1054 549 1184 586 mulier,
1219 554 1254 580 ut

845 602 1020 643 perhibent
1043 603 1116 634 uiri.

589 660 792 693 Selenium

127 714 159 746 Si
185 715 263 755 quid
288 719 352 752 est,
383 714 470 755 quod
496 714 620 752 doleat,
644 714 749 754 dolet3
779 715 805 746 si
830 719 941 747 autem
965 726 1029 747 non
1054 719 1118 754 est,
1143 720 1252 748 tamen

844 769 907 801 hoc
931 769 984 800 hic
1008 769 1107 801 dolet.
1220 778 1253 804 65

560 828 817 869 Gymnasium

127 883 223 914 Amat
246 883 327 914 haec
353 882 477 914 mulier.

589 941 793 973 Selenium

367 995 436 1028 Eho
461 1007 502 1027 an
527 1006 636 1027 amare
661 996 809 1036 occipere
833 1006 982 1028 amarum
1007 1000 1066 1034 est,
1093 997 1254 1029 obsecro?

558 1067 816 1108 Gymnasium

127 1122 272 1162 Namque
297 1124 428 1152 ecastor
451 1132 544 1152 amor
567 1124 600 1152 et
625 1120 719 1152 melle
743 1124 777 1152 et
799 1120 874 1152 felle
899 1125 948 1152 est
972 1121 1253 1160 secundissumus3

127 1177 268 1207 Gustata
293 1175 351 1207 dat,
374 1175 484 1214 dulce3
510 1186 658 1206 amarum
682 1175 723 1206 ad
748 1175 934 1206 satietatem
959 1186 1062 1217 usque
1087 1177 1223 1216 oggerit.

588 1245 792 1278 Selenium

127 1300 176 1332 Ad
206 1301 303 1333 istam
333 1300 448 1332 faciem
479 1304 529 1332 est
563 1300 712 1338 morbus,
747 1300 803 1341 qui
832 1310 896 1338 me,
932 1310 1005 1331 mea
1033 1299 1254 1341 Gymnasium,

842 1357 998 1386 macerat.

559 1425 819 1466 Gymnasium

126 1479 325 1512 Perfidiosus
349 1483 399 1511 est
422 1489 524 1510 amor.

587 1537 791 1569 Selenium

558 1591 644 1632 Ergo
668 1592 700 1623 in
724 1602 774 1623 me
798 1592 986 1633 peculatum
1010 1591 1099 1624 facit.
1221 1601 1255 1626 70

561 1668 814 1708 Gymnasium

127 1724 217 1756 Bono
241 1724 349 1754 animo
375 1733 422 1762 es3
449 1723 512 1754 erit
535 1723 590 1754 isti
615 1723 728 1754 morbo
752 1723 880 1754 melius.

589 1799 792 1831 Selenium

918 1853 1087 1885 Confidam
1111 1852 1189 1889 fore,

129 1909 162 1941 Si
186 1909 332 1940 medicus
352 1909 474 1945 ueniat,
495 1908 551 1949 qui
571 1907 647 1939 huic
665 1907 778 1939 morbo
796 1907 903 1939 facere
922 1907 1115 1938 medicinam
1135 1910 1252 1948 potest.

561 1978 815 2019 Gymnasium

129 2033 255 2066 Ueniet.

213 2161 246 2187 63
267 2159 338 2193 Quid
357 2159 385 2186 id
470 2160 521 2186 tibi
541 2159 696 2185 cordolium
783 2167 846 2185 oum
865 2166 990 2184 memora
1009 2157 1039 2184 E
1117 2159 1152 2184 68
1169 2161 1255 2191 gustu
