1596 2478
650 192 680 217 V.
700 193 792 218 2-40.
1224 191 1283 222 131

155 291 255 320 hiatus
279 290 393 328 aliquid
417 289 561 318 excidisse
584 289 730 324 ostendit;
755 288 897 326 Geppert.
922 291 1054 316 extremo
1078 288 1176 316 versui
1201 287 1287 316 addit

158 341 313 380 „procul“,
333 341 441 378 Bergk.
465 339 572 376 ,‚cito“.
619 339 739 368 Muller.
755 339 878 367 Prosod.
899 349 927 377 p.
945 340 1022 368 513:
1049 348 1169 373 „curam
1194 341 1284 376 atque

155 392 403 430 aeg1·itudinem“.
438 406 480 411 —-
516 392 564 420 24.
598 388 821 427 flaffl'tawrem,
855 390 1031 418 creditorem
1055 390 1202 427 pecuniae,
1234 389 1286 426 qui

155 444 212 472 sibi
236 443 366 472 debitum
390 442 476 471 reddi
498 442 640 480 postulat,
665 442 700 470 cf.
720 442 757 469 ad
776 441 854 469 Men.
875 442 926 470 45.
961 441 1050 470 Most.
1073 441 1142 469 753.
1176 439 1284 468 Pseud.

156 495 334 524 558.1148.
359 494 448 523 Poen.
464 494 534 522 538.
551 508 587 512 —
611 494 660 521 25.
685 489 780 521 ludus
805 490 897 521 datus
920 491 968 520 est
990 488 1191 529 ccryentarz'is,
1216 501 1283 519 con-

156 556 268 575 cessum
281 548 335 580 est,
354 548 389 574 ut
406 544 512 573 ludant
530 548 560 573 et
572 545 649 573 seria
662 543 822 580 deponant,
848 544 884 572 cf.
899 543 936 571 ad
950 543 1057 572 Bacch.
1074 543 1164 571 1079.
1177 557 1219 561 —
1233 543 1282 570 26.

155 594 337 633 Alcedonia,
364 597 427 625 dies
447 595 624 632 astyonides,
649 595 757 632 quibus
775 594 877 623 alcedo
898 604 954 622 ova
977 604 1083 632 parere
1107 593 1284 621 credebatur

154 649 320 686 tranquillo
355 648 440 682 caelo,
482 658 510 675 v.
540 647 664 674 Aristot.
697 646 772 674 nist.
805 647 894 674 anim.
919 645 953 679 V,
985 645 1024 672 8:
1057 645 1127 672 ἑπτὰ
1153 645 1202 680 μὲν
1231 645 1286 680 πρὸ

155 696 462 736 τροπῶν(χειμερινῶν),
480 699 548 726 ἑπτὰ
567 698 593 725 δὲ
610 698 677 734 μετὰ
688 697 797 733 τροπάς.
832 696 909 725 Plin.
924 696 959 724 H.
975 696 1011 724 N.
1025 695 1062 731 II⁷
1078 697 1147 724 125.
1181 695 1218 731 X,
1234 695 1284 723 90.

155 751 253 779 Plaut.
278 750 368 779 Poen.
395 750 464 778 353.
491 763 528 768 —
554 749 638 777 Hunc
662 758 779 777 versum
804 748 896 786 Gepp.
922 747 1070 784 superiori
1095 746 1285 784 anteposuit3

156 803 210 831 sed
232 802 306 830 nihil
329 800 466 839 impedit,
491 810 550 837 quo
574 800 670 828 minus
694 800 741 827 vel
761 802 829 837 post
844 799 923 827 huno
940 808 1058 826 versum
1077 798 1161 834 quasi
1179 807 1285 834 paren-

156 854 266 882 thetice
300 853 509 889 interpositum
542 851 676 880 utzmtm·
705 850 742 878 ad
772 851 960 888 argentarios
988 849 1150 883 referatur,
1186 848 1222 876 cf.
1247 848 1284 876 ad

155 905 238 933 Pers.
260 905 331 933 491.
377 900 547 932 Rationem
571 903 600 930 in
625 912 658 931 eo
682 906 857 939 sequuntur,
882 900 962 938 quod
986 900 1126 929 ludorum
1150 903 1284 936 tempore

156 956 302 984 neminem
326 957 467 993 poscunt,
492 964 550 991 quo
580 963 666 982 nemo
691 953 815 981 daturus
844 956 908 981 erat
932 962 984 980 nec
1008 954 1163 988 negantem
1187 951 1218 978 in
1241 950 1286 977 ius

155 1017 262 1036 vocare
285 1009 416 1044 possent.
448 1020 485 1024 —
518 1006 567 1034 27.
592 1004 730 1041 poscunt
752 1001 905 1032 neminem
931 1003 1000 1032 olim
1025 1001 1222 1030 emendatum.
1248 1015 1284 1019 —-

157 1059 208 1086 28.
231 1055 369 1086 'reddunt
390 1054 518 1092 nemini,
544 1057 578 1085 cf.
604 1056 688 1085 Cure.
716 1057 774 1085 373
801 1065 865 1092 sqq.
893 1055 964 1082 677.

243 1110 292 1137 29.
326 1106 458 1137 uaciuae
481 1118 517 1135 an
541 1108 665 1135 uociuae
689 1106 876 1135 scribendum
900 1107 953 1141 sit,
990 1105 1167 1140 ambigitur,
1196 1113 1223 1131 v.
1248 1103 1286 1131 ad

155 1160 261 1189 Bacch.
278 1160 347 1188 152.
360 1174 402 1178 —
417 1160 454 1188 30
468 1169 544 1196 sqq.‚
558 1169 585 1187 v.
599 1168 689 1196 supra
701 1168 730 1195 p.
749 1158 806 1185 127
820 1167 864 1195 sq.
904 1153 1087 1187 Comoediai
1099 1155 1211 1183 Pareus
1229 1164 1284 1182 em.

160 1208 365 1241 Clerumenoe
388 1210 467 1239 Cam.
494 1224 530 1229 —-
559 1211 607 1238 33.
632 1206 761 1246 posticl,
790 1219 817 1237 v.
843 1208 881 1236 ad
904 1208 972 1236 Aul.
998 1208 1069 1235 742.
1096 1221 1133 1225 -
1166 1206 1215 1234 34.
1241 1202 1286 1233 la-

158 1260 270 1297 tranti,
305 1263 324 1290 i.
349 1272 373 1291 e.
405 1262 525 1297 canino,
562 1261 642 1298 quod
671 1270 762 1297 quum
790 1261 972 1297 interpretes
1002 1258 1039 1287 ad
1068 1258 1209 1285 Plautum
1239 1266 1286 1284 re-

157 1315 284 1349 ferrent,
321 1314 428 1341 misere
456 1323 486 1341 se
509 1315 675 1346 torserunt,
710 1314 745 1340 ut
768 1312 830 1339 eius
853 1320 960 1339 nomen
984 1320 1051 1338 cum
1074 1319 1145 1337 cane
1168 1307 1287 1336 coneili-

156 1366 277 1400 liarent,
313 1374 439 1402 quorum
473 1374 563 1401 quum
594 1364 730 1401 plerique
761 1372 884 1399 prorsus
919 1361 1048 1390 ridicula
1080 1360 1286 1398 protulissent,

156 1425 232 1445 unus
255 1415 417 1444 Lambinus
447 1416 536 1443 etiam
560 1414 726 1442 Ritschelio
759 1410 893 1451 (Parerg.
919 1423 947 1451 p.
975 1413 1035 1441 202
1060 1409 1141 1446 ann.)
1173 1411 1288 1448 aliquid

156 1468 268 1496 vidisse
302 1466 460 1495 videbatur
493 1477 529 1494 ex
557 1466 640 1494 Festi
669 1465 724 1502 Ep.
749 1475 778 1502 p.
805 1466 862 1493 231
897 1464 960 1492 haec
989 1463 1129 1492 afferens:
1168 1462 1288 1498 „Plauti

159 1519 350 1557 appellantur
373 1528 474 1553 canes,
503 1527 629 1555 quorum
658 1526 744 1544 aures
773 1516 920 1553 languidae
949 1517 1020 1543 suut
1049 1525 1082 1542 ac
1105 1513 1235 1542 flaccidae
1260 1515 1290 1540 et

157 1571 248 1599 latius
271 1570 412 1598 videntur
435 1568 556 1607 patere“
585 1566 635 1604 (cf.
659 1577 724 1605 quae
748 1577 784 1595 ex
807 1567 960 1604 glossariis
983 1566 1069 1594 affert
1089 1564 1289 1593 Loew.Anal.
1338 1563 1343 1569 '

157 1632 186 1660 p.
202 1618 284 1658 203).
331 1622 376 1649 An
397 1621 468 1658 quia
486 1630 577 1648 unum
601 1619 720 1657 aliquod
744 1629 848 1646 canum
873 1627 965 1655 genus
984 1618 1121 1655 plautum
1141 1618 1195 1651 est,
1220 1616 1288 1644 ideo

157 1673 279 1711 plautus
309 1682 364 1710 pro
395 1681 465 1699 cane
495 1671 553 1699 dici
584 1669 707 1708 potest?
753 1669 830 1704 Quid
859 1670 884 1697 si
915 1670 962 1697 cui
991 1669 1021 1696 in
1046 1670 1172 1696 mentem
1196 1668 1286 1702 venit,

159 1725 229 1762 quia
262 1724 340 1759 nigri
374 1722 495 1760 quidam
530 1732 616 1750 canes
650 1724 733 1756 sunt,
768 1721 853 1758 Nigri
888 1730 994 1749 nomen
1023 1719 1137 1747 latrans
1167 1717 1292 1746 dicere?

157 1775 252 1803 Immo
276 1774 332 1803 hoc
349 1784 407 1803 non
425 1773 462 1801 ad
481 1773 629 1808 Plautum,
654 1773 705 1801 sed
724 1773 762 1800 ad
780 1772 916 1800 Casinam
939 1774 1062 1809 spectat.
1122 1769 1185 1797 Hoc
1209 1769 1290 1797 canis

158 1836 266 1854 nomen
289 1826 442 1862 vulgatum
470 1825 579 1859 fuisse,
614 1823 734 1852 aliunde
762 1823 892 1862 probare
921 1832 980 1850 non
1003 1831 1142 1860 possum,
1177 1820 1230 1849 scd
1254 1829 1290 1848 ex

160 1878 215 1906 hoc
238 1878 302 1905 loco
325 1876 402 1905 effici
425 1875 554 1905 videtur.

247 1929 296 1956 35.
332 1925 371 1963 ei,
394 1927 442 1956 vel
465 1927 529 1962 eiei,
559 1926 726 1964 spondeum
749 1926 836 1960 facit,
868 1935 895 1953 v.
920 1924 1036 1960 Proleg.
1061 1934 1090 1961 p.
1117 1923 1187 1951 216.
1212 1922 1290 1950 infra

162 1980 211 2009 37.
236 1979 285 2007 66.
316 1994 359 1998 —
390 1978 514 2007 38—56
544 1977 767 2006 Studemundus
795 1977 831 2005 de
861 1978 933 2004 actae
956 1975 1050 2004 Stichi
1079 1976 1167 2003 aetate
1195 1984 1224 2011 p.
1252 1974 1288 2001 15

161 2040 197 2058 ex
219 2030 246 2058 A
269 2029 372 2064 edidit,
397 2030 426 2057 in
450 2038 509 2066 quo
533 2028 633 2057 codice
656 2031 686 2056 et
708 2037 761 2055 suo
784 2027 848 2056 loco
873 2029 991 2055 exstant
1013 2028 1044 2054 et
1066 2026 1202 2063 proxime
1221 2026 1290 2052 ante

161 2081 294 2110 Stichum
318 2081 428 2108 iterum
451 2081 562 2117 scriptu
585 2082 678 2107 erant.
703 2093 741 2098 —
772 2079 822 2106 40.
853 2075 1065 2114 conspicatust
1082 2071 1224 2113 primulo
1247 2076 1289 2110 A;

162 2142 227 2160 cum
250 2132 356 2160 ceteris
380 2131 464 2159 codd.
490 2131 642 2167 conspirat
665 2129 786 2158 Servius
811 2129 847 2157 ad
866 2129 934 2157 AEn.
954 2128 991 2165 X,
1016 2129 1076 2156 615
1101 2137 1148 2156 vv.
1164 2126 1287 2155 39—41

1052 2183 1085 2209 9*
