1596 2478
284 193 341 222 124
789 189 877 215 Plauti
1200 189 1230 221 V,
1250 192 1270 220 1,
1289 190 1363 222 3-2,
1381 191 1398 215 6

733 283 947 324 Lampadio

1171 338 1316 371 Gaudeo.

282 392 353 424 Tibi
379 403 450 423 mea
473 403 574 432 opera
596 391 771 423 liberorum
797 403 866 423 esse
891 392 1038 433 amplius.

740 468 934 510 Demipho

1004 523 1096 554 Enim
1121 533 1183 554 non
1209 522 1399 562 placet361o

283 577 367 608 Nihil
394 588 501 608 moror
523 577 632 608 aliena
656 576 732 607 mihi
757 588 856 617 opera
880 577 949 608 fieri
976 577 1076 617 pluris
1100 577 1228 608 liberos.

281 631 344 662 Sed
369 631 446 671 quid
471 631 555 662 istuc
579 631 649 662 est?

732 701 948 743 Lampadio

631 755 775 796 Propera
798 756 844 787 ire
868 757 954 787 intro
978 756 1039 788 huc
1062 756 1102 787 ad
1129 756 1268 788 adfinem
1293 760 1398 796 tuum3

282 811 397 842 Filiam
422 814 510 842 tuam
536 811 598 842 ium
624 820 808 849 cognosces.
855 810 946 841 Intus
970 810 1088 841 ibidem
1114 821 1195 841 uxor
1217 815 1275 842 tua
1298 815 1355 842 est.

283 865 341 896 Abi
367 865 441 896 cito.

742 923 935 964 Demipho

520 978 687 1009 Praeuorti
713 977 774 1009 hoc
797 982 921 1009 certum
946 982 996 1009 est
1019 977 1115 1009 rebus
1140 979 1212 1009 aliis
1237 978 1397 1010 omnibus.

739 1225 946 1258 CATERUA.

281 1321 328 1352 Ne
349 1322 554 1361 exspectetis,
581 1325 790 1361 spectatores.
817 1321 892 1351 dum
913 1321 958 1351 illi
979 1320 1040 1352 huc
1058 1321 1097 1352 ad
1118 1332 1177 1352 uos
1196 1324 1327 1361 ext-aun
1347 1329 1399 1355 615

281 1375 382 1408 Nemo
407 1375 522 1414 exibit3
547 1386 657 1406 omnes
682 1377 768 1406 intus
793 1375 965 1406 conficient
989 1376 1162 1415 negotium.

283 1429 342 1461 Ubi
367 1429 398 1460 isl
423 1430 486 1461 erit
510 1430 641 1466 factum,
666 1433 859 1461 ornamenta
883 1434 1020 1469 poueut3
1047 1429 1194 1469 postidea
1218 1429 1288 1463 loci.

281 1483 342 1521 Qui
367 1483 516 1524 deliquit,
542 1483 727 1524 uapulabit:
752 1484 806 1523 qui
832 1494 894 1514 uon
920 1483 1067 1524 deliquit,
1091 1483 1190 1514 bibet.

282 1538 373 1569 Nunc
397 1538 482 1579 quod
507 1537 547 1568 ad
572 1548 641 1573 uos.
664 1541 878 1578 spectatores,
904 1537 1057 1569 relicuum
1083 1537 1286 1577 relinquitur,

282 1592 369 1623 More
395 1592 550 1623 maiorum
577 1591 653 1623 date
677 1591 827 1632 plausum
854 1595 1018 1632 postrema
1043 1593 1072 1622 in
1098 1591 1274 1623 comoedia.
1347 1601 1398 1626 620

365 1712 416 1736 609
434 1710 542 1743 gaudeo
562 1718 612 1737 om.
632 1711 650 1737 Ι
725 1711 776 1736 610
794 1710 926 1736 librorum
947 1710 966 1736 I
1032 1709 1142 1736 Etenim
1219 1711 1269 1736 612
1288 1710 1362 1736 istud
1382 1711 1400 1737 Ι

367 1753 440 1779 inti-0
461 1753 514 1779 buc
533 1761 582 1779 om.
601 1754 620 1780 Ι
684 1753 757 1779 hunc
779 1752 807 1779 E
865 1753 898 1779 ad
918 1761 966 1779 om.
987 1752 1043 1778 BE
1110 1754 1159 1779 614
1179 1755 1285 1779 eertust.
1303 1751 1332 1778 E

281 1796 410 1822 homibus
430 1797 448 1822 Ι
540 1797 590 1822 617
609 1796 655 1822 lici
674 1795 720 1822 ΙΕ
825 1797 876 1822 618
895 1795 1018 1828 deliquid
1038 1795 1081 1821 Β]
1191 1797 1242 1822 619
1261 1796 1396 1828 reliquum

280 1839 331 1864 620
349 1838 476 1865 comedia
494 1838 540 1865 IE
