1596 2478
333 193 372 222 78
844 190 936 216 Plauti
1269 192 1288 224 l,
1307 194 1333 226 3,
1353 194 1456 220 34—50

760 283 1030 317 Philolaches

331 338 393 369 Pro
418 338 573 378 Iuppiter,
598 348 672 368 nam
697 337 784 377 quod
810 330 928 370 malum
953 344 1104 371 uorsatur
1129 351 1219 372 meae
1243 341 1329 373 domi
1349 342 1454 374 illud?

330 393 368 423 Di
393 392 541 432 deaeque
566 401 677 422 omnes
702 402 751 422 me
776 393 934 432 pessumis
958 393 1114 434 exemplis
1138 394 1346 433 interficiant,

330 447 399 478 Nisi
423 457 484 487 ego
507 445 598 477 illam
623 456 718 476 anum
745 446 936 477 interfecero
960 448 1013 478 siti
1038 447 1190 488 fameque
1213 453 1312 488 atque
1336 449 1419 490 algu.

742 521 991 554 Philematiu
1005 535 1035 554 m

330 577 415 610 Nolo
439 587 498 616 ego
522 577 600 607 mihi
626 576 709 607 male
733 581 775 611 te.
800 576 939 617 Scapha.
966 578 1164 618 praecipere.

813 653 971 693 Scapha

1155 708 1264 740 Stulta
1287 720 1320 742 es
1344 708 1454 751 plane:

331 764 421 801 Quae
435 763 525 794 illum
539 762 599 793 tibi
620 765 789 810 aeternuu]
804 766 899 802 putes
913 762 981 793 fore
995 762 1133 793 amicum
1148 766 1180 794 et
1193 763 1449 796 beueuolentem.

331 817 447 848 Moneo
471 826 530 855 ego
554 819 602 847 te:
627 819 659 846 te
683 815 737 846 ille
762 815 890 846 deseret
914 819 1023 847 aetate
1048 821 1079 847 et
1103 817 1265 848 satietate.
1405 827 1449 852 191

747 891 1030 923 Philematium

331 948 402 979 Non
426 958 531 988 spero.

813 1005 971 1046 Scapha

479 1061 652 1101 Insperata
676 1059 831 1090 accidunt
855 1060 958 1099 magis
982 1070 1079 1100 saepe
1103 1070 1199 1100 quam
1223 1071 1306 1101 quae
1329 1071 1450 1102 speres

330 1115 510 1151 Postremo,
535 1115 560 1145 si
585 1114 682 1144 dictis
707 1114 821 1154 nequis
847 1113 980 1153 perduci
1004 1117 1040 1144 ut
1063 1124 1142 1144 uera
1166 1113 1246 1146 haec
1269 1115 1396 1152 credas,

330 1169 404 1200 Mea
415 1169 505 1200 dicta
517 1179 555 1199 ex
567 1167 664 1198 factis
677 1177 791 1204 nosce;
816 1178 865 1198 me
887 1167 969 1203 uide,
989 1177 1072 1207 quae
1090 1168 1149 1198 sim
1163 1171 1196 1199 et
1209 1178 1292 1208 quae
1305 1168 1351 1199 fui
1365 1171 1450 1200 ante.

330 1222 438 1254 Nihilo
457 1233 515 1262 ego
534 1232 632 1262 quam
651 1231 736 1252 nunc
754 1225 788 1251 tu
808 1221 912 1251 »coms-
931 1231 1001 1251 sum
1023 1225 1142 1258 amata,
1167 1225 1265 1261 atque
1289 1223 1343 1253 uni
1365 1222 1449 1261 gessi

1047 1285 1178 1311 morem,
1403 1283 1452 1310 196

331 1330 392 1368 Qui
417 1330 470 1370 pol
502 1341 562 1363 me,
587 1329 641 1360 ubi
667 1332 775 1360 aetate
799 1328 860 1359 hoc
884 1332 984 1368 caput
1007 1328 1148 1359 colorem
1172 1330 1386 1367 conmutauit,

334 1384 477 1424 Reliquit
500 1383 710 1423 deseruitque
735 1393 798 1420 mo;
824 1382 882 1413 tibi
908 1382 992 1412 idem
1017 1382 1160 1413 futurum
1184 1382 1291 1413 credo.

763 1458 1021 1490 Philolaches

334 1514 392 1545 Uix
416 1514 611 1554 conprimor,
636 1514 715 1553 quin
739 1512 878 1543 inuolem
903 1512 949 1543 illi
975 1513 1007 1543 iu
1032 1513 1144 1543 oculos
1168 1513 1384 1543 stimulatrici.

746 1589 1028 1620 Philematium

330 1645 382 1676 Illi
406 1655 456 1676 me
480 1643 541 1675 soli
566 1653 681 1674 censeo
705 1652 776 1674 esse
801 1646 955 1682 oportere
980 1642 1228 1682 obsequentem;

330 1699 438 1738 Solam
463 1698 517 1729 ille
541 1707 591 1728 me
614 1696 674 1728 soli
698 1696 760 1727 sibi
783 1706 841 1727 suo
866 1705 934 1726 (uere
956 1695 1120 1727 liberauit.
1400 1705 1450 1730 wo

761 1772 1022 1804 Philolaches

330 1830 392 1861 Pro
416 1829 449 1860 di
473 1827 672 1865 inmortales,
696 1826 863 1858 mulierem
888 1826 1031 1866 lepidam
1055 1831 1088 1857 et
1111 1826 1229 1867 pudico
1254 1827 1392 1867 ingenio.

330 1884 416 1915 Bene
440 1883 549 1914 hercle
573 1881 706 1919 factum,
729 1884 762 1911 et
785 1880 911 1920 gaudeo
934 1880 1013 1911 mihi
1031 1880 1112 1911 nihil
1131 1891 1202 1911 esse
1221 1879 1318 1911 huius
1338 1890 1446 1911 causa.

400 2002 447 2027 186
466 2010 527 2026 moa
546 2001 675 2026 edomilln
765 2001 811 2026 187
831 2009 874 2025 me
893 2008 942 2026 om.
963 1999 989 2025 B
1076 2000 1122 2025 188
1141 2000 1204 2033 gelu
1223 1999 1245 2025 C
1326 2000 1374 2024 189
1393 1999 1446 2025 mei

332 2046 380 2071 190
398 2048 478 2078 putus
498 2044 519 2070 G
598 2045 645 2069 192
664 2044 831 2076 insperatam
853 2042 875 2068 O
951 2044 999 2068 194
1018 2051 1101 2068 nosce
1120 2051 1178 2068 rem
1197 2041 1275 2068 uides
1349 2042 1397 2067 195
1415 2045 1445 2068 tu

329 2090 422 2113 amata
440 2095 499 2112 sum
519 2089 601 2119 atquo
621 2086 667 2111 uni
687 2086 770 2111 modo
791 2086 863 2118 gessi
922 2086 967 2111 196
985 2085 1076 2118 capud
1094 2085 1215 2111 calorem
1232 2084 1254 2110 C
1306 2085 1353 2111 197
1371 2084 1445 2111 Reli-

328 2130 394 2164 quid
466 2131 514 2154 11³9
534 2128 626 2154 Solam
648 2128 685 2154 illi
707 2137 766 2153 meo
786 2128 838 2153 soli
909 2127 948 2152 illi
968 2136 1067 2153 censeo
1088 2127 1111 2153 0
1177 2128 1227 2152 200
1245 2135 1308 2152 nere
1328 2134 1377 2152 om.
