1596 2478
147 181 178 211 V,
199 182 223 213 5,
244 182 337 211 68—6,
360 181 386 206 11
621 179 802 205 Menaechmi.
1208 180 1268 211 225

621 273 680 304 Me
689 274 749 305 dic
757 284 774 304 u
783 284 798 304 s

1032 316 1129 348 Abeo.

643 370 669 401 S
676 382 690 401 ι’
698 381 717 400 η
727 380 742 401 e
749 381 770 400 :r

1178 412 1268 445 Uale.

564 455 850 488 Menaechmus

149 511 238 542 Abiit
260 520 402 544 socerus,
427 510 509 542 abiit
534 509 695 547 medicus3
720 510 809 541 solus
835 520 917 542 sum.
964 510 1023 542 Pro
1048 509 1204 551 Iuppiter,

149 564 234 602 Quid
248 564 325 596 illuc
339 568 398 603 est,
417 563 504 605 quod
525 563 598 595 med
614 563 702 594 hisce
721 563 870 595 homines
891 564 1035 596 insanire
1055 564 1272 605 praedicant?

148 619 230 650 Nam
255 618 405 660 equidem
430 622 605 659 postquam
631 621 749 657 gnatus
774 629 859 655 sum,
891 629 1069 659 numquam
1099 619 1271 659 aegrotaui

865 683 963 704 unum
989 672 1084 703 diem.
1223 681 1273 707 940

149 726 262 768 Neque
286 737 346 766 ego
371 727 497 758 insanio
521 735 624 767 neque
650 736 775 766 pugnas
800 736 905 766 neque
930 736 989 765 ego
1014 726 1081 757 litis
1106 727 1233 767 coepi03

149 780 264 812 saluos
287 780 397 812 saluos
421 780 503 812 alios
528 780 639 818 uide03
664 780 740 811 noui
766 779 923 817 homines,
947 779 1118 820 adloquor.

150 837 198 866 Au
222 834 269 866 illi
294 845 465 876 perperam
490 834 632 865 insanire
658 845 706 865 me
731 834 831 866 aiunt.
856 834 918 875 ipsi
943 834 1134 866 insaniunt?

150 889 234 926 Quid
260 899 317 928 ego
343 899 428 920 nunc
452 888 591 920 faciam?
628 888 765 919 Domum
786 888 832 919 ire
852 889 962 929 cupio;
989 899 1072 919 uxor
1095 899 1157 920 non
1181 889 1275 926 sinit3

152 943 222 974 Huc
247 947 355 974 autem
380 953 473 974 nemo
498 942 696 974 intromittit.
742 941 845 973 Nimis
865 945 1094 983 prouentumst
1113 943 1274 983 nequiter.

152 997 211 1029 Hic
240 1008 316 1035 ergo
347 1008 451 1038 usque
482 996 524 1028 ad
556 1000 685 1028 noctem
715 998 740 1027 si
772 1000 890 1033 aetem,
927 996 1039 1033 credo,
1074 997 1276 1028 intromittar

868 1051 1006 1082 domum.
1224 1059 1274 1084 946

609 1178 821 1210 MESSENIO

237 1265 430 1305 spectamen
455 1264 540 1296 bono
567 1275 660 1296 seruo
685 1264 717 1295 id
742 1268 800 1301 est,
825 1265 880 1304 qui
904 1275 972 1296 rem
996 1265 1110 1297 erilem

237 1319 403 1355 Procurat,
428 1318 529 1357 uidet,
553 1319 704 1350 conlocat
728 1319 926 1359 cogitatque,

239 1372 281 1404 Ut
305 1373 440 1404 absente
464 1383 519 1404 ero
545 1374 607 1404 tam
630 1383 698 1404 rem
724 1373 771 1404 eri
796 1372 971 1412 diligenter

238 1426 383 1465 Tutetur,
409 1438 508 1468 quam
533 1427 559 1458 si
583 1428 651 1468 ipse
675 1427 772 1465 adsit,
797 1430 854 1458 aut
877 1428 1007 1458 rectius.
1224 1435 1275 1461 950

238 1481 379 1521 Tergum
403 1492 501 1521 quam
524 1481 643 1520 gulam,
669 1491 766 1512 crura
790 1491 888 1522 quam
912 1485 1062 1512 uentrem
1088 1484 1217 1522 oportet

239 1535 371 1566 Potiora
395 1545 476 1573 esse,
500 1536 575 1575 quoi
601 1545 660 1567 cor
684 1535 831 1567 modeste
856 1535 953 1566 situm
977 1540 1040 1567 est.

155 1589 356 1621 Recordetur
380 1589 422 1626 id,
447 1589 503 1630 qui
527 1589 620 1620 nihili
644 1593 728 1627 sunt,
752 1589 830 1630 quid
854 1589 892 1620 iis
917 1590 1001 1629 preti

153 1643 256 1675 Detur
279 1643 320 1675 ab
345 1643 412 1674 suis
435 1644 509 1680 eris,
533 1644 673 1683 ignauis,
696 1644 842 1684 inprobis
868 1644 956 1681 uiris,

361 1697 513 1735 Uerbera,
538 1697 712 1738 conpedes,
1229 1704 1279 1730 955

154 1751 270 1786 Molae,
295 1751 438 1792 [magna]
463 1751 636 1790 lassitudo,
660 1752 774 1790 fames,
798 1751 901 1791 frigus
926 1751 1054 1783 durum.

361 1806 451 1837 Haec
474 1807 580 1846 pretia
605 1811 681 1838 sunt
705 1807 868 1846 ignauiae.

223 1908 273 1933 938
291 1907 380 1933 habiit
400 1907 421 1934 G
507 1916 580 1934 nunc
600 1908 675 1934 solus
695 1916 756 1934 sum
852 1909 902 1934 939
921 1916 964 1934 me
985 1908 1028 1934 hic
1120 1910 1170 1934 940
1189 1916 1239 1934 om.
1262 1908 1283 1934 C

154 1951 204 1976 941
227 1950 307 1984 cupio
369 1951 419 1976 943
439 1950 583 1982 perderam
650 1951 726 1976 alunt
745 1950 767 1977 C
831 1951 881 1977 945
900 1951 1033 1984 nequitur
1052 1950 1079 1977 B
1145 1952 1195 1976 946
1215 1959 1280 1976 usce

224 1997 335 2019 noctem
356 1993 455 2019 saltem
527 1992 666 2020 SERUUS
686 1993 713 2020 Β
773 1995 824 2019 947
843 1993 936 2019 seruid
954 1992 981 2019 B
1043 1993 1124 2027 quire
1143 1992 1170 2019 B
1232 1994 1282 2020 949

155 2040 213 2062 tam
232 2044 281 2062 om.
339 2036 389 2062 950
408 2044 491 2069 quam
514 2036 564 2069 ipsi
584 2037 643 2069 ipse
664 2036 753 2062 adscit
771 2036 798 2062 B
860 2037 910 2062 953
929 2035 1057 2062 Recorde
1076 2035 1182 2062 cordet'
1203 2035 1231 2062 Β

157 2078 222 2111 quid
243 2079 283 2104 uis
302 2079 390 2112 precii
410 2077 433 2104 C
507 2080 557 2104 954
577 2080 700 2110 signauis
719 2079 746 2105 Β
824 2079 943 2105 955—57
963 2086 1015 2105 zmo
1035 2087 1112 2106 versu
1131 2079 1158 2105 B
1231 2079 1283 2105 956

158 2121 295 2148 lascitudo
314 2121 342 2147 Β
412 2122 463 2147 957
481 2121 550 2147 Ilaeo
571 2121 592 2147 C

1047 2176 1077 2201 15
