1596 2478
283 121 346 150 404
759 119 933 146 Menaechmi.

282 215 318 245 cs.
342 215 423 244 Pers.
452 216 527 244 358:
565 214 652 251 „Meo
677 215 763 244 modo
787 217 864 245 istuc
886 217 987 255 potius
1010 216 1062 245 flet
1085 227 1173 256 quam
1196 215 1280 248 tuo“.
1336 218 1404 248 Ter.

282 266 374 296 Andr.
403 267 476 296 153:
504 265 590 302 „Sine
614 276 691 295 nunc
715 276 780 295 meo
804 278 850 296 me
873 269 975 297 uiuere
998 269 1112 298 interea
1134 266 1254 298 modo“.
1277 284 1311 289 —
1332 266 1405 306 ΕΜ,

283 319 371 346 etiam
396 318 425 346 iu
449 318 474 346 A
498 317 605 346 lectum
630 320 684 346 est.
730 317 810 347 Brix.
836 321 867 347 et
883 319 987 357 Wagn.
1013 320 1042 348 in
1065 320 1232 359 proximum
1256 330 1282 349 v.
1305 322 1403 350 truns-

282 369 432 404 tuleruut;
467 368 518 397 sed
541 378 568 397 v.
594 369 653 397 249
683 371 768 406 quasi
797 379 852 407 pro
883 370 1054 409 parenthesi
1083 374 1142 407 est;
1177 369 1260 400 em’m
1289 381 1405 401 causam

281 420 370 448 habet
403 420 545 458 proximae
579 420 734 448 sententiae
770 420 856 455 „Nou
890 422 988 459 potuit
1021 422 1096 450 cet.“
1135 437 1171 442 -
1208 423 1280 452 Post
1311 419 1405 452 uerbo

281 471 380 500 hiatus
403 471 432 499 in
457 480 578 499 cassura.
635 470 669 499 R.
697 469 792 506 „iam“
819 471 917 508 addit3
941 470 1031 501 Br.²:
1058 471 1220 508 ‚‚uerbod“.
1256 488 1298 494 —
1333 475 1403 504 250.

281 522 456 552 Accuratius
480 522 572 550 foret:
599 521 683 558 „Non
706 522 805 560 potuit
823 523 925 561 paucis
943 523 1062 562 planius
1080 522 1254 563 proloqui“;
1279 524 1404 554 Plautus

282 573 500 612 oppositionem
530 573 624 611 magis
653 573 813 610 speciosam
839 577 956 603 secutus
980 577 1032 603 est.
1069 589 1110 594 -—
1145 576 1214 605 251.
1251 573 1406 605 contineri

282 635 337 654 em.
362 624 546 654 Fleckeisen.
582 639 623 644 —
659 625 729 654 252.
763 623 982 662 marsuppium
1010 626 1072 655 sive
1106 627 1267 655 cruminam
1301 637 1405 657 servus

280 675 436 715 portabat,
471 675 507 705 cf.
531 675 638 704 Pseud.
666 676 733 705 169.
778 676 860 705 Asin.
886 677 946 706 650
971 687 1035 715 sqq.
1058 692 1101 697 -—
1130 678 1201 707 253.
1243 674 1404 716 Uiaticati‚

280 728 389 757 viatico
413 727 534 763 muniti,
564 724 698 763 aestiua,
727 729 746 756 i.
771 737 796 756 e.
820 728 939 764 leviter,
971 729 1108 766 quoniam
1137 729 1240 758 aestivo
1270 732 1404 768 tempore

279 779 472 818 paucioribus
495 779 682 807 vestimentis
706 779 828 808 utimur.
843 793 884 798 —-
903 781 973 809 255.
997 780 1096 816 Brevi,
1119 781 1226 818 inquit,
1251 780 1319 809 dum
1343 781 1402 810 fra-

280 834 356 860 trem
387 831 511 868 quaeris,
546 830 645 859 omnin
673 829 872 868 absumpseris
901 832 930 858 et
958 830 1084 867 dolebis,
1120 834 1150 860 te
1179 831 1252 860 nihil
1282 832 1402 862 habere.

278 879 456 920 yeminum.
472 903 499 911 ..
512 888 629 919 gemes,
652 881 776 919 quaesita
805 883 1021 920 paronomasia.
1058 897 1096 902 —-
1133 884 1203 912 256.
1239 882 1403 912 Verborum

281 933 425 970 ordinem,
450 942 536 970 quem
560 933 694 961 restituit
716 931 912 969 Camerarius,
941 932 1096 962 confirmat
1119 934 1153 962 A.
1199 934 1279 963 Cam.
1303 938 1403 964 autem

280 985 343 1014 ed.:
370 985 470 1021 „natio
493 983 542 1012 hic
563 981 776 1022 Epidamnia‘ss
800 983 852 1013 R.:
889 985 1005 1020 „natio:
1040 985 1070 1013 in
1094 984 1310 1023 Epidamniis“,
1333 996 1404 1015 neu-

278 1038 358 1065 trum
382 1038 470 1064 recte.
515 1032 748 1072 Epidamnieis,
773 1035 853 1073 quod
876 1035 902 1064 A
925 1035 1024 1071 habet,
1054 1035 1172 1064 videtur
1195 1046 1258 1065 esse
1282 1037 1405 1075 antiqua

279 1088 453 1116 nominativi
488 1087 582 1115 forma
609 1096 664 1124 pro
695 1085 916 1125 „Epidamnii“‚
953 1087 1036 1115 cuius
1070 1087 1203 1126 exemplu
1237 1098 1272 1116 ex
1307 1088 1404 1117 titulis

281 1139 415 1176 antiquis
443 1148 469 1166 v.
501 1137 587 1176 Corp.
611 1137 687 1166 Insc.
712 1137 778 1166 Lat.
803 1138 815 1166 I
846 1147 874 1175 p.
901 1138 971 1167 603.
1027 1138 1133 1176 Itaque
1162 1138 1292 1174 Vahlen,
1326 1139 1403 1168 Mus.

280 1189 374 1218 Rhen.
397 1189 512 1218 XXVII
534 1199 563 1227 p.
591 1190 664 1218 176:
704 1189 779 1228 „ipsi
802 1187 1034 1227 Epidamnieis“,
1064 1189 1117 1218 sed
1146 1189 1335 1227 sycophantae
1359 1200 1404 1219 ce-

279 1242 396 1280 terique
419 1243 449 1269 et
472 1241 529 1279 ipsi
553 1239 721 1279 Epidamnii
746 1242 829 1276 sunt3
864 1240 964 1269 sensui
994 1241 1166 1269 conveniret
1191 1250 1309 1277 „omnes
1331 1241 1404 1279 Epi-

282 1290 411 1321 damnii“
439 1294 492 1320 aut
517 1301 601 1329 „quae
624 1291 783 1330 Epidamni
807 1289 928 1320 habet“.
958 1306 999 1311 —-
1029 1292 1099 1321 258.
1123 1288 1321 1329 palpatores,
1353 1293 1404 1330 qui

280 1343 430 1372 adulando
453 1343 586 1372 homines
609 1344 638 1372 in
663 1342 786 1372 insidias
805 1342 925 1381 ducunt,
949 1343 985 1372 cf.
999 1342 1075 1371 Rud.
1092 1343 1166 1372 126:
1192 1343 1333 1379 „Mnlum,
1350 1353 1403 1381 pe-

280 1396 403 1430 riurum,
417 1392 634 1433 palpatorem“.
647 1409 688 1414 —
702 1395 772 1423 260.
784 1390 999 1431 perhibentur,
1013 1394 1163 1430 dicuntur,
1176 1404 1204 1423 v.
1217 1394 1254 1422 nd
1267 1394 1338 1423 cist.
1354 1395 1402 1423 64.

279 1461 320 1466 -
350 1447 420 1475 261.
449 1443 643 1482 Epidamno,
673 1445 757 1483 quasi
780 1445 826 1473 ἐπὶ
849 1445 971 1481 damno,
1006 1455 1032 1474 v.
1059 1445 1097 1474 ad
1120 1455 1146 1474 v.
1173 1445 1222 1474 32.
1258 1459 1295 1464 —
1332 1445 1403 1474 262.

280 1495 449 1526 diuortitur
477 1497 582 1534 scripsi
612 1506 676 1525 cum
706 1497 730 1525 B
758 1496 786 1525 h.
810 1497 830 1525 l.
855 1499 886 1525 et
913 1497 990 1532 425,
1025 1497 1060 1525 cf.
1084 1496 1174 1525 Most.
1200 1496 1278 1531 948;
1317 1495 1402 1525 codd.

279 1549 456 1587 plerumque
488 1546 644 1584 „deuorti“
681 1547 806 1581 habent,
842 1557 907 1585 quae
942 1548 1036 1576 forma
1069 1549 1236 1586 posteriore
1269 1550 1403 1586 tempore

279 1601 400 1638 vulgata
424 1599 551 1629 videtur.
579 1614 613 1618 -—
647 1599 717 1628 204.
756 1596 862 1636 „Quid
883 1606 916 1627 eo
938 1596 1005 1634 uis,
1036 1608 1076 1627 sc.
1100 1598 1228 1635 facere“,
1263 1598 1312 1628 Br.
1336 1599 1402 1627 coll.

279 1651 360 1680 Trin.
387 1653 460 1681 157:
489 1650 538 1686 „Si
561 1650 633 1688 quid
657 1660 692 1679 eo
716 1648 836 1680 fuerit“.
860 1665 901 1670 —
925 1648 962 1679 de
984 1646 1091 1679 uerbis
1115 1647 1188 1686 tuis,
1219 1650 1255 1678 cf.
1276 1651 1335 1679 915
1357 1660 1400 1688 sq,

279 1703 362 1732 Trin.
387 1703 457 1731 216.
491 1703 574 1731 Asin.
599 1703 659 1731 209
684 1711 749 1730 cum
774 1704 872 1731 annot.
910 1701 981 1730 Cist.
1007 1702 1077 1730 273.
1112 1701 1188 1730 Rud.
1218 1701 1306 1730 1079.
1341 1700 1402 1730 Cic.

279 1754 309 1782 iu
332 1753 418 1783 Catil.
437 1753 486 1789 IV,
510 1754 539 1789 6,
566 1754 618 1782 11:
647 1753 728 1789 „Ego
753 1753 828 1781 enim
853 1752 889 1781 de
913 1762 977 1781 meo
1001 1762 1088 1781 seusu
1112 1750 1241 1781 iudico⁴¹.
1268 1766 1304 1771 —
1332 1753 1402 1781 265.

278 1801 352 1833 duis
380 1806 438 1833 iam
469 1804 632 1833 Beroaldus
663 1814 716 1832 em.
747 1818 787 1823 —
818 1804 889 1833 266.
923 1803 1069 1840 „Magnus
1092 1801 1143 1832 tu“
1169 1803 1272 1840 Both„
1297 1803 1330 1831 R.
1361 1816 1402 1822 —

279 1856 350 1885 267.
375 1852 547 1884 iracundus
570 1856 615 1884 ed.
640 1865 684 1893 pr.
711 1870 748 1874 —
769 1852 885 1892 perciti
907 1854 1027 1892 Lipsius
1050 1864 1116 1889 em„
1147 1855 1183 1883 cf.
1208 1854 1304 1883 Casin.
1331 1854 1402 1882 606.

279 1907 360 1936 Asin.
386 1907 457 1936 815.
498 1905 606 1944 Amph.
632 1907 701 1935 720.
743 1905 801 1935 Cic.
826 1915 855 1944 p.
880 1905 983 1934 Milon.
1009 1906 1058 1941 23,
1083 1906 1139 1934 63:
1178 1906 1293 1941 „animo
1324 1905 1402 1933 irnto

278 1968 311 1987 uc
334 1956 480 1996 percito“.
532 1957 596 1986 Liv.
621 1956 701 1993 XXI,
727 1959 775 1992 53,
802 1958 834 1986 8:
869 1957 1037 1993 „ingenium
1060 1957 1206 1994 percitum
1231 1966 1265 1985 ac
1288 1955 1399 1984 ferox.“

278 2024 318 2029 —-
334 2009 404 2038 268.
429 2005 473 2037 Id
493 2009 676 2046 utrumque5
700 2008 731 2036 C.
746 2008 778 2038 F.
793 2008 838 2037 W.
853 2007 988 2036 Mueller.
1002 2007 1108 2036 Anual.
1121 2007 1194 2044 phil.
1213 2006 1278 2036 XCI
1295 2016 1325 2045 p.
1340 2007 1400 2035 560

277 2071 322 2099 sq.
347 2060 450 2089 laudat
473 2060 537 2089 Cat.
562 2059 596 2088 R.
622 2060 656 2088 R.
683 2060 731 2088 76.
773 2059 887 2097 Fragm.
910 2069 939 2097 p.
965 2059 1014 2095 37,
1045 2059 1064 2087 4
1089 2058 1134 2087 ed.
1159 2057 1278 2087 Iordan.
1325 2056 1400 2086 Gell.

1561 1861 1566 1873 i

1556 2118 1569 2223 l

1558 2224 1569 2265 Δὶ

1561 2263 1571 2296 ἰ
