1596 2478
615 196 644 221 v.
663 197 804 222 705—'729
1213 199 1272 228 :347

151 308 192 312 —
227 293 287 321 712
316 302 360 330 sq.
390 292 508 320 lacunas
535 293 675 331 supplere
703 296 824 322 conatus
853 303 926 321 sum.
961 307 1002 312 -—
1037 293 1108 321 713.
1149 291 1271 327 „simul“

151 344 231 381 quod
255 345 344 371 etiam
369 344 398 371 iu
422 343 445 371 B
468 354 558 381 supra
581 345 723 382 scriptum
748 348 800 379 est,
826 354 890 372 cum
915 344 1078 373 Ritschelio
1101 343 1207 371 delevi.
1234 358 1274 362 —

151 395 222 424 714.
247 392 348 423 Ehem
370 395 538 423 interiectio
563 398 645 423 extra
664 405 802 424 numeros
822 399 875 430 est,
901 396 956 423 nisi
977 396 1052 423 forte
1071 394 1274 423 antecedentis

151 456 253 474 versus
277 448 330 474 est.
387 445 493 474 Festus
516 455 543 482 p.
571 447 646 481 305,
679 450 711 474 ut
740 446 847 483 probet
876 453 971 483 super
998 448 1088 474 otiam
1117 455 1172 483 pro
1198 444 1271 481 „de“

150 497 237 535 poni,
273 497 359 525 affert
383 497 445 525 Mil.
475 497 553 525 1205
585 499 614 525 et
644 497 769 525 deinde:
809 498 855 531 „in
879 497 1052 526 Phasmate:
1091 496 1200 531 „Ehem
1224 498 1275 524 vix

150 548 268 576 tandem
293 549 427 586 percipio
449 558 539 586 super
563 549 650 576 rebus
675 549 782 576 nostris
806 548 888 585 loqui
906 547 966 576 te“.
986 563 1026 568 —
1047 549 1116 577 715.
1142 544 1275 583 Musice,

151 599 317 634 eleganter,
351 600 493 635 μουσικῶς.
549 599 675 628 Lorenz.
705 599 820 627 confert
852 609 888 627 ex
922 599 1039 635 Fragm.
1069 599 1150 628 Com.
1180 598 1274 627 Graec.

152 650 241 678 Mein.
265 650 305 678 IV
328 660 356 688 p.
383 651 458 679 583:
495 650 565 687 ὄψον
588 651 756 678 σκευάσαντα
779 651 920 686 μουσικῶς.
955 660 982 688 p.
1005 651 1083 678 494:
1119 650 1184 682 ἅλας
1212 650 1274 682 δοὺς

148 703 292 737 μουσικῶς.
326 712 355 740 p.
371 702 445 730 541:
470 702 534 728 οἵων
557 701 580 728 δ’
605 704 737 737 ἐπιθυμεῖ
758 702 913 738 βρωμάτων,
937 702 970 733 ὡς
986 702 1134 737 μουσικῶν.
1169 701 1275 739 Itaque

150 752 195 780 hic
219 762 337 790 quoque
361 753 556 789 iungendum:
595 753 728 788 „Musiee
751 756 878 781 aetutem
903 754 990 789 agitis
1015 753 1084 781 uino
1108 756 1137 781 et
1160 750 1274 789 uictu“,

150 813 204 831 nec
232 813 307 841 opus
336 806 381 832 est
409 805 643 841 transpositione
666 803 820 832 Gulielmi:
860 804 959 839 „uictu
982 803 1090 841 probo⁷
1126 801 1274 841 piscatu“.

148 869 191 874 -—
215 856 285 883 716.
305 853 440 892 piscatu,
466 856 502 883 cf.
523 856 572 883 64.
615 851 728 883 electili
751 855 805 883 hoc
828 865 887 884 uno
911 855 976 884 loeo
1000 855 1118 891 legitur.
1139 869 1176 874 —
1202 855 1273 883 717.

148 903 244 934 immo
266 904 334 934 uita
358 907 403 935 ed.
423 915 467 943 pr.
492 921 533 925 -
557 907 628 935 718.
653 903 759 934 omnia
781 906 896 943 Pylade
919 907 993 935 duce
1017 906 1214 935 Camerarius.
1233 920 1275 924 —

150 958 220 986 719.
248 957 313 992 „Ita
332 956 396 985 hic¹‘
419 957 530 989 Herm..
555 957 600 992 R„
625 961 659 986 ut
681 960 856 986 tetrameter
874 957 972 993 fieret3
996 958 1120 995 Speng:
1149 954 1274 991 „Itast“.

149 1008 281 1037 Proximi
311 1018 412 1037 versus
441 1010 471 1036 in
494 1008 518 1036 B
541 1009 653 1037 turbati
677 1012 754 1037 sunt.
800 1008 846 1037 Ex
868 1019 896 1038 v.
922 1009 980 1037 721
999 1007 1223 1045 processerunt
1245 1009 1276 1035 et

149 1069 184 1087 ex
220 1060 279 1088 722
313 1067 371 1088 ‘nos
399 1060 429 1087 in
461 1060 670 1088 antecedentes
705 1060 936 1088 transferuntur.
1016 1060 1075 1087 723
1105 1060 1134 1087 in
1164 1065 1276 1087 nauem

147 1112 332 1146 terminatur,
355 1111 484 1148 proximi
507 1112 538 1139 in
555 1118 713 1147 pessumo,
738 1112 767 1139 iu
788 1109 879 1145 terra,
901 1112 932 1138 in
950 1109 1034 1147 quia,
1063 1114 1096 1138 ut
1112 1119 1171 1138 uno
1189 1119 1275 1137 versu

148 1162 215 1200 plus
238 1162 299 1190 fiat.
335 1162 444 1191 Versus
468 1162 617 1190 ordinavit
640 1161 674 1190 R.
692 1176 733 1180 —
753 1163 824 1190 720.
848 1159 927 1190 Non
950 1160 1050 1190 taces?
1076 1172 1102 1189 v.
1116 1161 1153 1189 ad
1167 1160 1274 1198 Amph.

150 1213 220 1242 693.
241 1227 277 1231 ·-
292 1220 444 1250 Prospere
467 1214 552 1242 codd.
566 1216 659 1248 recte3
684 1213 805 1249 Usener,
831 1213 894 1241 Iud.
909 1213 1075 1250 Gryphisw.
1093 1212 1172 1240 1866
1191 1221 1220 1248 p.
1239 1212 1275 1239 16

148 1266 258 1292 temere
290 1274 364 1302 „pro
393 1262 498 1303 spere“
532 1265 607 1293 coni.
638 1279 679 1283 —
715 1265 786 1293 723.
821 1262 876 1292 ita.
913 1264 1074 1293 Sententiae
1104 1262 1277 1301 supplendae

149 1326 236 1344 causa
260 1317 400 1344 audiatur
425 1314 616 1353 ‚‚periimus“.
634 1330 677 1335 —
693 1314 836 1344 nostram
859 1315 926 1344 add.
941 1315 976 1343 R.
995 1330 1036 1334 —
1055 1315 1126 1343 724.
1153 1311 1278 1350 Quaene

152 1367 279 1405 Pylades
303 1377 369 1403 em„
394 1376 420 1394 v.
447 1367 483 1395 ed
507 1367 614 1404 Amph.
640 1367 711 1395 690.
735 1381 777 1386 —-
801 1364 836 1395 in
859 1365 950 1395 terra.
975 1367 1112 1403 Pylades,
1136 1365 1181 1399 R„
1207 1368 1277 1393 cett.

152 1418 200 1454 „in
223 1416 366 1452 terran1“,
402 1417 482 1455 quod
505 1419 555 1446 vix
579 1419 776 1446 necessarium
802 1421 863 1450 est..
898 1418 934 1446 of.
959 1418 1024 1446 Liv.
1048 1416 1142 1451 XLII,
1168 1417 1218 1451 27,
1246 1416 1276 1444 l:

152 1469 434 1507 „quinqueremibus
457 1470 487 1497 in
510 1469 664 1497 navalibus
688 1469 789 1498 Romae
812 1469 997 1497 subductis“.
1044 1468 1142 1496 Madv.
1162 1467 1199 1496 ad
1218 1465 1277 1495 Cic.

150 1521 215 1549 Fin.
239 1530 268 1558 p.
294 1519 384 1549 774³.
414 1535 454 1539 --
490 1521 561 1549 726.
597 1517 716 1549 trabem
739 1521 846 1558 Speng.
879 1530 916 1548 ex
951 1530 1006 1548 em.
1036 1519 1191 1555 Lorenzii,
1228 1520 1279 1557 qui

153 1570 289 1607 „trabes“
317 1572 362 1600 ed.
408 1572 442 1600 Iu
466 1572 566 1609 priore
590 1572 636 1600 ed.
661 1581 726 1600 cum
750 1572 886 1600 Acidalio
910 1572 1090 1600 scribebam:
1129 1574 1279 1606 „nosti-am

150 1625 181 1652 ui
201 1633 278 1661 quae
291 1623 411 1660 frangat
423 1621 549 1651 ratem“.
563 1637 604 1641 —
616 1620 711 1657 uenit,
736 1630 814 1660 quae
832 1618 971 1660 franyat,
996 1634 1022 1651 v.
1037 1622 1074 1650 ad
1086 1622 1192 1659 Amph.
1210 1621 1278 1650 192.

150 1689 192 1693 —
221 1675 292 1703 727.
325 1674 440 1709 „Uelim
471 1677 506 1702 ut
529 1677 561 1702 tu
586 1673 698 1702 uelles“
724 1675 876 1703 nihilest.
922 1673 994 1702 Post
1016 1673 1158 1701 Bothium
1181 1673 1281 1701 editur

153 1725 286 1762 „Uellem
321 1728 355 1753 ut
388 1728 421 1754 tu
454 1724 579 1754 uelles“.
637 1725 761 1754 Lorenz.
792 1725 905 1753 confert
934 1724 1035 1752 senec.
1060 1723 1115 1761 Ep.
1142 1724 1190 1759 67,
1226 1724 1277 1752 13:

153 1776 279 1812 „uellem
303 1786 368 1814 quae
393 1775 515 1812 uelles“,
544 1777 624 1814 quod
643 1787 696 1805 nec
715 1776 795 1804 idem
819 1779 865 1804 est
888 1785 941 1804 nec
965 1775 1142 1803 sententiam
1166 1774 1283 1812 praebet

150 1829 218 1857 huic
241 1828 306 1856 loco
329 1829 564 1856 convenientem.
611 1828 719 1856 Melius
738 1827 890 1865 Spengel.:
922 1823 1023 1856 Uelim
1045 1824 1082 1854 ut
1104 1824 1137 1854 tu
1157 1823 1281 1861 ueiuas,

151 1882 185 1908 ut
208 1879 388 1916 respoudeat
411 1879 476 1907 voci
501 1877 633 1914 „occidi“
660 1890 688 1907 v.
713 1879 784 1908 725.
808 1893 850 1897 -
880 1878 952 1907 Mox
981 1874 1046 1907 Sed
1067 1874 1146 1915 quid
1166 1875 1214 1905 est
1235 1876 1282 1905 ed.

150 1940 206 1969 pr„
232 1931 299 1968 Sp.:
338 1929 414 1966 „Sed
445 1930 517 1967 quid
549 1928 700 1967 negotist?
737 1944 774 1948 —
810 1926 955 1967 Eloquar
983 1929 1029 1957 ed.
1054 1938 1099 1966 pr.
1134 1942 1174 1947 -·
1211 1928 1282 1956 728.

152 1982 302 2010 Lacunam
326 1982 472 2018 supplevi,
498 1984 531 2009 ut
554 1980 576 2009 C
599 1991 654 2019 pro
679 1981 702 2009 P
725 1982 869 2018 scriptum
893 1981 1034 2018 putarim.
1087 1979 1121 2008 R.
1145 1979 1283 2007 Camera-

153 2035 229 2062 rium
253 2035 386 2061 secutus:
425 2032 527 2067 „Tunc
555 2032 610 2060 tibi
638 2036 769 2060 actutum
800 2031 912 2060 chorda
940 2030 1106 2060 tenditu1·“.
1136 2045 1176 2049 —-
1213 2031 1283 2058 729.

151 2081 352 2120 ferriterium,
378 2084 413 2111 cf.
430 2083 499 2111 348.
535 2080 602 2111 Ter.
616 2083 709 2111 Andr.
728 2084 802 2111 199:
842 2081 1040 2118 „Verberibus
1065 2091 1181 2109 caesum
1206 2084 1236 2109 te
1254 2082 1284 2109 iu

152 2135 324 2172 pisti-inum,
348 2134 439 2170 Daue,
465 2133 570 2162 dedam
595 2143 688 2171 usque
713 2133 748 2162 ad
772 2131 904 2161 necem“.
950 2132 1005 2161 Hic
1024 2141 1142 2171 quoque
1159 2133 1282 2161 tertium
