1596 2478
337 176 396 205 180
846 174 935 200 Plauti
1252 174 1286 207 11,
1305 175 1328 207 2,
1347 176 1445 202 29—41

789 267 987 301 Messenio

1046 322 1082 354 Ei
1107 322 1194 355 mihi.
1397 333 1448 358 300

333 375 437 413 Quom
461 375 542 407 nihil
565 379 625 414 est,
651 376 704 417 qui
730 375 776 407 illi
800 374 921 406 homini
945 375 1122 408 diminuam
1148 380 1255 417 caput.

745 441 776 472 M
786 452 803 473 e
817 452 835 472 n
845 441 977 473 aechm
987 453 1005 473 u
1015 453 1029 472 s

331 495 400 526 'run
425 495 625 535 cyathissare
650 494 726 526 mihi
750 493 844 532 soles,
867 495 921 535 qui
946 499 1022 527 anto
1046 495 1130 527 hunc
1153 495 1238 527 diem

333 549 548 590 Epidamnum
572 559 748 590 numquam
772 548 839 580 uidi
864 559 968 590 neque
992 550 1090 581 ueni?

781 613 996 655 Cylindrus

1134 668 1264 710 Negas?

747 734 778 766 M
787 745 803 766 e
813 744 909 766 naec
918 733 938 766 h
948 744 1028 766 mus

331 789 421 828 Nego
445 789 552 821 hercle
576 799 663 820 uero.

780 853 1002 894 Cylindrus

708 907 779 939 Non
803 911 839 939 tu
863 908 895 939 in
918 907 1020 939 illisce
1043 908 1180 940 aedibus

330 962 463 994 Habes?

746 1016 1026 1049 Menaechmus

509 1072 547 1103 Di
572 1071 645 1102 illos
670 1070 825 1108 homines,
851 1071 907 1111 qui
930 1060 997 1101 illic
1021 1071 1180 1108 habitant,
1205 1072 1373 1112 perduint!
1393 1081 1443 1107 805

778 1141 990 1183 Cylindrus

330 1197 454 1228 Insanit
477 1196 529 1228 hic
553 1197 693 1237 quidem,
718 1197 773 1237 qui
798 1197 866 1237 ipse
891 1196 975 1227 male
1000 1196 1079 1228 dicit
1103 1197 1173 1228 sibi.

329 1251 444 1284 Audin.
469 1251 700 1282 Menaechme?

745 1305 1027 1336 Menaechmus

734 1359 819 1397 Quid
843 1359 916 1391 uis?

778 1429 993 1471 Cylindrus

959 1484 991 1516 Si
1015 1495 1065 1516 me
1089 1484 1251 1522 consulas,

329 1539 499 1570 Nummum
525 1539 613 1570 illum
639 1550 734 1580 quem
758 1538 835 1570 mihi
861 1538 981 1570 dudum
1005 1537 1197 1579 pollicitus's
1221 1539 1306 1570 dare.

329 1592 454 1631 Iubeas,
477 1594 503 1624 si
527 1594 646 1634 sapias,
670 1592 837 1634 porculum
862 1591 981 1623 adferri
1005 1592 1074 1624 tibi.

328 1647 408 1678 Nam
434 1651 468 1678 tu
493 1648 622 1688 quidem
647 1647 755 1679 hercle
779 1651 867 1678 certo
892 1658 954 1678 nou
979 1647 1086 1678 sanu's
1109 1647 1198 1680 satis.
1391 1656 1441 1681 310

327 1701 547 1739 Menaechme,
572 1702 628 1743 qui
652 1713 736 1733 nuuc
759 1702 848 1742 ipsus
873 1701 954 1732 male
979 1701 1069 1733 dicas
1093 1700 1161 1732 tibi.

745 1772 1018 1805 Menaechmus

329 1827 377 1858 Eu
401 1827 509 1859 hercle
533 1827 693 1859 homiuem
717 1827 876 1859 insulsum
901 1830 933 1858 et
957 1827 1102 1857 odiosum
1129 1826 1213 1858 mihi.

394 1948 440 1972 301
462 1947 529 1978 Qum
542 1946 568 1972 B
621 1946 837 1972 dimminuamB
889 1947 938 1972 302
957 1945 1140 1972 MENmnss
1192 1945 1268 1973 Tune
1279 1945 1313 1976 B.
1332 1946 1442 1973 TuncC

395 1990 511 2015 emtissa
530 1999 558 2015 rc
579 1990 600 2015 C
681 1990 731 2016 303
750 1989 810 2016 ME.
830 1989 922 2021 Negat(
942 1989 968 2015 B
1051 1992 1099 2017 305
1119 1991 1233 2016 Habitus
1311 1999 1363 2023 que
1384 1990 1438 2015 illic

327 2031 453 2057 habitant
474 2032 593 2065 perdunt
655 2033 704 2058 306
723 2032 849 2065 equidem
870 2033 915 2066 qui
937 2033 962 2058 id
982 2043 1009 2059 so
1071 2035 1120 2059 307
1141 2034 1196 2059 Aut
1215 2034 1240 2060 in
1262 2033 1439 2059 menahoemo

327 2075 376 2100 303
397 2075 523 2107 politii-us
545 2076 566 2101 C
624 2076 674 2101 309
692 2075 794 2108 ἱερέων
809 2079 872 2108 post
890 2077 941 2102 311
1003 2078 1052 2102 312
1070 2075 1157 2102 MEN.
1177 2084 1226 2101 om.
1288 2075 1328 2101 Tu
1349 2075 1439 2101 hercle

327 2117 464 2144 hominem
485 2118 599 2143 multum
620 2121 648 2145 et.
