1596 2478
135 166 154 198 l,
173 167 195 197 2,
215 166 315 191 28-38
594 163 777 190 Menaechmi.
1189 166 1246 195 167

548 258 828 290 Menaechmus

131 355 151 388 S
481 312 507 343 O
530 322 602 343 mea
625 312 848 350 commoditas,
871 322 890 343 o
915 323 985 344 mea
1009 313 1245 353 opportunitas.

154 356 235 388 alue.

579 413 796 446 Peniculus

258 458 365 489 Salue.

546 515 827 548 Menaechmus

375 570 459 609 Quid
483 570 577 611 agis?

578 630 796 662 Peniculus

616 684 723 716 Teneo
747 684 880 716 dextera
902 686 1033 725 genium
1057 696 1170 717 meum.
1199 694 1247 719 140

545 745 577 776 M
585 755 601 776 e
609 755 629 776 n
639 754 658 776 a
665 755 681 776 e
689 755 706 776 c
713 744 734 776 h
742 755 772 776 m
782 755 802 776 ιι
810 755 824 776 s

127 799 197 831 Non
218 799 353 840 potuisti
366 800 468 839 magis
481 810 538 840 per
556 803 682 839 tempus
702 798 779 830 mihi
797 799 961 836 aduenire,
981 810 1078 840 quam
1098 799 1243 831 aduenis.

547 848 550 850 v
576 858 600 890 P
608 869 624 890 e
631 869 651 890 n
659 859 669 890 i
678 869 694 890 c
702 858 740 890 ul
749 870 769 890 u
779 869 794 890 s

127 913 178 946 Ita
201 923 260 954 ego
283 913 388 952 soleo;
413 913 653 945 commoditatis
677 913 780 944 omnis
804 913 962 945 articulos
986 914 1063 946 scio.

540 984 826 1016 Menaechmus

126 1039 190 1071 Uin
214 1042 250 1071 tu
273 1039 400 1071 facinus
422 1039 622 1071 luculentum
645 1039 828 1079 inspicere?

569 1110 792 1141 Peniculus

827 1163 907 1202 Quis
931 1165 964 1196 id
988 1165 1075 1196 coxit
1098 1164 1243 1204 coquos?

125 1219 193 1250 Iam
217 1219 327 1257 sciam,
352 1219 379 1250 si
402 1218 480 1259 quid
503 1218 722 1257 titubatumst,
747 1218 802 1251 ubi
825 1218 983 1259 reliquias
1007 1219 1130 1251 uidero.

542 1290 573 1321 M
582 1301 599 1321 e
608 1300 679 1322 nae
690 1290 800 1321 chmu
810 1301 824 1321 s

125 1345 183 1376 Dic
196 1344 283 1383 mihi,
301 1355 338 1376 eu
356 1355 509 1384 umquam
521 1348 556 1375 tu
570 1344 683 1376 uidisti
697 1345 843 1376 tabulam
859 1346 979 1385 pictam
991 1345 1023 1376 in
1038 1346 1173 1385 pariete,
1196 1354 1244 1379 145

124 1398 187 1431 Ubi
210 1399 322 1440 aquila
345 1398 541 1431 Catamitum
565 1403 695 1439 raperet
718 1403 776 1431 aut
800 1400 855 1431 ubi
879 1399 988 1431 Uenus
1013 1399 1204 1431 Adoneum‘?

570 1470 790 1502 Peniculus

123 1525 234 1566 Saepe.
282 1525 345 1558 Sed
369 1525 447 1565 quid
471 1525 554 1557 istae
579 1525 726 1565 picturae
750 1526 792 1557 ad
807 1523 865 1557 'me
889 1526 1039 1558 adtinent
1046 1527 1061 1557 Ῥ

542 1591 574 1622 Μ
583 1601 599 1622 e
607 1602 626 1622 u
635 1601 654 1622 a
662 1601 678 1622 e
687 1601 703 1622 c
711 1591 732 1622 h
741 1602 771 1622 m
778 1603 799 1623 u
807 1602 823 1622 s

925 1635 1002 1675 Age,
1025 1646 1076 1667 me
1099 1635 1242 1676 adspice.

122 1677 248 1718 Ecquid
271 1678 432 1710 adsimulo
457 1677 626 1708 similiter?

566 1736 590 1768 P
599 1747 615 1769 e
623 1748 643 1768 n
654 1739 664 1769 i
673 1748 689 1768 c
698 1748 717 1768 ιι
726 1738 736 1769 l
746 1748 766 1768 u
775 1749 790 1769 s

679 1792 740 1830 Qui
764 1793 838 1824 istic
861 1796 1011 1824 ornat-nst
1033 1796 1110 1824 tuus
1119 1793 1134 1823 ἶ)

535 1852 567 1883 Μ
575 1863 591 1883 e
600 1863 619 1883 n
630 1864 649 1884 a
657 1863 673 1884 e
682 1863 699 1884 c
708 1852 729 1884 h
737 1864 768 1884 m
777 1864 798 1884 ιι
806 1864 821 1883 s

121 1905 179 1937 Dic
202 1906 365 1938 hominem
389 1906 636 1947 lepidissumum
661 1918 731 1938 esse
751 1907 830 1939 med.

192 2027 237 2052 139
256 2027 432 2059 oportunitas
499 2028 546 2052 140
564 2028 610 2060 qui
629 2027 656 2053 B
717 2028 816 2053 dextra
878 2028 944 2053 mihi
965 2027 987 2054 Ο
1045 2029 1089 2053 141
1111 2036 1191 2061 quem
1211 2027 1238 2054 B

124 2070 170 2094 143
189 2078 293 2102 quocus
372 2072 419 2096 145
439 2070 506 2096 mihi
526 2079 646 2104 numqua
729 2073 774 2096 146
794 2070 875 2103 aquia
895 2070 917 2096 0
992 2072 1108 2097 catamei
1128 2077 1187 2098 tum
1205 2071 1239 2102 B,

121 2119 182 2138 cata
201 2113 253 2138 mei
274 2117 331 2138 tum
353 2112 375 2138 C
443 2114 491 2139 148
510 2113 600 2146 Equid
620 2113 646 2139 B
716 2121 759 2140 est
780 2118 895 2139 ornatus
969 2114 1016 2139 149
1035 2122 1078 2139 me
