1596 2478
303 176 340 204 10
818 171 910 198 Plauti
1242 171 1262 203 Ι,
1285 173 1305 203 l,
1323 172 1426 198 40—49

762 265 957 306 Epidicus

1069 319 1299 360 Quapropter?

764 372 962 413 Thesprio

1320 425 1425 457 Scies:

300 481 383 519 Quia
407 480 510 512 forma
534 480 643 521 lepida
667 484 699 511 et
722 479 853 511 liberali
878 481 1044 520 captiuam
1067 479 1349 512 adulescentulam

302 535 347 566 De
372 534 494 576 praeda
519 537 708 565 mercatust.

766 593 963 634 Epidicus

661 646 744 684 Quid
769 657 828 687 ego
853 657 892 678 ex
915 651 947 678 te
973 645 1094 678 audio?

764 706 963 746 Thesprio

1018 758 1096 798 Hoc,
1121 759 1208 801 quod
1232 758 1371 791 fabulor.
1395 768 1428 793 45

767 818 964 860 Epidicus

303 874 368 905 Cur
392 884 463 905 eam
487 873 587 905 emit?

763 932 964 973 Thesprio

585 987 691 1030 Animi
715 996 823 1018 causa.

768 1045 964 1086 Epidicus

835 1098 922 1136 Quot
944 1098 1012 1130 illic
1037 1099 1133 1130 homo
1157 1099 1283 1130 animos
1308 1098 1429 1130 habet?

306 1153 402 1194 [Nam
426 1157 524 1191 certo,
549 1154 739 1194 priusquam
763 1153 838 1184 hinc
862 1153 903 1184 ad
926 1153 1086 1192 legionem
1111 1151 1193 1184 abiit
1217 1152 1321 1190 domo,

305 1208 377 1248 Ipse
403 1207 574 1239 mandauit
596 1206 684 1245 mihi,
710 1207 751 1238 ab
776 1207 891 1238 lenone
916 1211 952 1238 ut
975 1206 1116 1243 fidicina,

305 1262 408 1299 Quam
432 1261 574 1299 amabat,
598 1265 760 1292 emeretur
784 1260 855 1292 sibi.
902 1260 939 1292 Id
963 1261 992 1292 ei
1016 1261 1228 1301 impetratum
1254 1258 1406 1300 reddidi]

765 1320 970 1361 Thesprio

307 1374 490 1416 Utcumque
514 1375 546 1405 iu
570 1374 638 1406 alto
661 1377 804 1411 uentust,
829 1373 972 1415 Epidico,
999 1373 1083 1404 exim
1102 1372 1210 1405 uelum
1228 1373 1378 1405 uortitur.
1393 1382 1427 1407 50

757 1432 970 1474 [Epidicus

306 1488 374 1520 Uae
399 1489 516 1520 misero
541 1487 632 1519 mihi!
658 1487 743 1519 male
768 1487 911 1528 perdidit
936 1487 1002 1518 mel

765 1557 967 1598 Thesprio

921 1611 1006 1649 Quid
1029 1611 1136 1643 istuc?
1160 1610 1317 1652 quidnam
1342 1615 1390 1642 est
1400 1609 1429 1650 T‘]

769 1671 967 1712 Epidicus

306 1725 390 1763 Quid
415 1727 529 1763 istanc,
553 1735 651 1766 quam
674 1725 773 1757 emit?
798 1725 914 1765 quanti
939 1734 1009 1756 eam
1035 1724 1134 1756 emit?

764 1792 970 1833 Thesprio

1008 1845 1080 1877 Uili.

770 1905 967 1946 Epidicus

1056 1958 1151 1990 Haud
1177 1959 1262 1990 istuc
1287 1962 1318 1989 te
1342 1967 1430 1997 rogo.

374 2063 407 2087 47
427 2061 630 2095 [allegationem
699 2061 732 2087 52
750 2060 821 2087 vilei
891 2061 988 2086 Versus
1007 2059 1171 2086 terminaaeur
1191 2058 1217 2084 in
1239 2057 1320 2084 Haud
1336 2057 1432 2091 proxi-

307 2112 415 2138 musque
433 2108 497 2130 ante
514 2104 575 2130 Tot.
