1596 2478
627 169 659 195 V.
678 170 822 196 871—901.
1231 172 1290 201 167

167 268 308 302 laturum,
333 278 358 296 v.
385 268 444 296 889
470 277 512 303 sq.
565 264 710 304 Aequum
739 263 891 295 arbitrum
921 276 951 295 se
975 268 1016 295 ait
1039 276 1103 295 cum
1127 277 1162 295 eo
1186 269 1290 304 captu-

166 329 246 353 ruin;
287 318 387 347 sustin]
423 321 519 346 autem
554 318 681 355 intelligi
716 319 868 355 proximus
903 327 1004 346 versus
1045 317 1191 352 ostendit,
1232 327 1291 345 nou

166 370 259 398 inulto
284 370 372 398 aliter
395 380 427 397 nc
451 369 568 397 Trucul.
595 370 665 397 620.
712 367 799 397 coetra
823 366 1001 397 considium
1024 368 1156 397 Studem.
1178 378 1206 406 p.
1229 368 1290 396 287

164 431 200 449 ex
223 421 248 448 A
272 421 382 457 elicuit,
407 431 472 449 nam
497 421 631 458 quintam
655 421 783 448 nominis
808 421 937 448 litteram
962 429 1081 448 necesse
1104 429 1169 448 esse
1193 421 1245 448 aut
1267 418 1291 447 E

165 474 216 500 aut
239 472 252 500 I
276 472 374 500 fuisse.
430 468 618 500 Considium
642 473 754 507 autem,
785 481 850 508 quae
874 480 931 499 vox
954 471 1025 498 alibi
1050 480 1108 499 non
1132 472 1245 505 exstat,
1275 480 1292 498 a

164 523 344 552 considendo
369 524 535 557 formatum,
561 523 641 560 quod
666 523 788 560 proprio
812 522 941 559 quodam
967 522 1054 550 modo
1078 522 1113 550 de
1143 520 1292 550 iudicibus

164 574 282 610 dicitur,
307 584 332 602 v.
358 574 477 603 Sueton.
503 574 594 611 Calig.
621 575 673 608 38,
710 583 876 602 consessum
907 573 953 601 vel
984 573 1137 601 consilium
1161 572 1291 601 iudicum

164 627 388 663 interpretatur.
435 625 499 654 Non
529 626 665 653 sollemni
694 628 725 652 et
754 625 887 662 legitimo
911 624 1020 652 iudicio
1045 624 1186 652 Chalinus
1217 633 1291 662 opus

164 687 227 705 esse
252 677 310 711 ait3
346 677 460 705 arbitro
489 677 607 715 privato
636 687 666 705 se
698 678 868 704 contentum
892 686 965 704 esse.
990 689 1031 694 —-·
1055 677 1114 704 889
1140 686 1174 704 ex
1198 676 1224 704 A
1246 685 1289 703 re-

164 728 263 756 stituit
285 727 479 756 Stutlemund.
504 727 567 756 Iud.
588 728 677 757 schol.
698 727 863 765 Gryphisw.
888 728 1054 756 1871—72
1078 737 1107 764 p.
1130 728 1176 762 15,
1202 730 1232 755 et
1256 736 1292 754 ex

163 779 260 808 Nonio
284 789 312 816 p.
339 780 371 807 7:
410 778 597 814 „Deflaccare
621 782 666 807 est
689 782 830 814 atterere,
868 782 994 808 tractum
1026 789 1043 807 a
1072 778 1204 807 vestibus
1228 778 1291 806 sine

162 829 263 858 flacco.
310 830 434 858 Plautus
458 831 487 858 in
512 831 631 859 Casina:
668 831 750 858 Perit
774 830 865 859 flacco
889 830 1012 859 habebit
1035 831 1092 858 iam
1117 830 1178 858 iffic
1202 829 1290 857 homo

163 881 279 909 lumbos
304 879 413 909 ineos“.
465 881 543 909 Vera
566 882 646 910 vocis
671 882 766 910 forma
789 885 887 910 exstat
910 882 999 919 Epid.
1025 882 1101 909 614:
1139 880 1217 916 „duo
1242 880 1291 908 de-

162 933 278 962 floccati
310 932 423 961 senes“.
463 947 497 951 -
544 934 613 961 890.
650 930 903 969 ἰἰι71ιῖ)’ὶῗίνίζ1]2ῗῖι71ι,
939 933 974 961 cf.
1004 932 1112 970 Amph.
1142 933 1214 961 450.
1251 946 1291 950 -—

165 985 236 1012 891.
261 984 355 1018 Quum
370 983 546 1020 Lysidamus
566 984 681 1012 Chalini
700 984 808 1012 fustem
832 987 967 1013 metuens
986 986 1015 1013 in
1035 985 1158 1012 alteram
1175 986 1291 1021 partem

163 1035 304 1072 aufugere
339 1038 478 1070 conetur,
514 1045 587 1064 uxor
622 1037 646 1063 oi
677 1036 815 1064 occurrit.
869 1035 915 1064 Sic
944 1037 974 1063 in
1005 1035 1129 1073 ancipiti
1158 1034 1291 1071 periculo

163 1089 313 1122 versatur,
348 1084 429 1115 iuter
457 1093 582 1115 sacrum
611 1094 797 1124 saxumque,
832 1097 858 1115 v.
884 1087 921 1115 ad
946 1087 1031 1125 Capt.
1058 1087 1129 1114 611.
1154 1100 1194 1104 -
1219 1086 1290 1113 893.

163 1135 233 1166 IIaC
256 1135 331 1174 lupi,
355 1134 413 1167 ltcw
435 1145 534 1173 cam’S‚
559 1138 685 1166 alterum
703 1139 902 1176 proverbium,
927 1139 964 1166 cf.
978 1138 1050 1166 Hor.
1065 1138 1127 1166 Sat.
1141 1136 1179 1171 ΙΙ,
1194 1138 1221 1172 2,
1236 1137 1290 1164 64:

167 1189 248 1224 „Hac
273 1192 358 1225 urget
382 1190 482 1227 lupus,
514 1189 567 1218 hac
591 1190 685 1225 canis,
718 1189 832 1218 aiunt“.
857 1204 896 1208 —-
926 1197 1040 1218 scaeua
1069 1199 1155 1217 omen
1187 1191 1240 1224 est,
1263 1197 1290 1216 v.

163 1240 200 1268 ad
224 1239 314 1268 Stich.
340 1242 411 1269 463.
446 1240 491 1269 Ab
516 1244 643 1279 utraque
667 1244 761 1280 parte,
787 1244 817 1270 et
840 1251 855 1269 a
880 1241 1001 1270 canibus
1024 1243 1054 1268 et
1079 1251 1095 1268 a
1113 1240 1201 1278 lupis,
1227 1240 1244 1268 i.
1266 1249 1290 1267 e.

164 1294 194 1319 et
216 1292 252 1319 ab
272 1301 362 1320 uxore
383 1296 413 1320 et
433 1303 449 1320 a
467 1302 563 1328 servo,
582 1293 691 1321 malum
709 1292 765 1321 sibi
784 1292 925 1330 portendi
944 1293 995 1321 ait.
1010 1307 1049 1311 ——-
1069 1293 1138 1320 894.
1163 1291 1291 1319 Lacunae

163 1343 338 1381 supplendae
366 1354 454 1372 causa
483 1343 653 1381 Geppertus
685 1343 872 1381 „usurpabo⁴‘
900 1345 1022 1382 scripsit
1054 1346 1089 1372 ut
1116 1342 1187 1371 Cislz.
1220 1342 1290 1370 330.

164 1394 222 1422 Sed
251 1395 330 1432 quod
359 1398 404 1424 est
431 1395 486 1424 hoc
517 1395 639 1423 verbum
663 1394 769 1424 vetus?
805 1405 871 1423 nani
899 1395 971 1431 „hac
994 1394 1061 1423 ibo“
1088 1395 1130 1423 sic
1153 1394 1211 1422 dici
1234 1402 1292 1421 non

162 1448 271 1483 potest.
330 1446 403 1474 Mihi
438 1447 556 1484 quidem
587 1447 651 1475 fieri
682 1457 741 1475 non
770 1456 856 1484 posse
885 1447 1018 1482 videtur,
1050 1449 1085 1475 ub
1114 1456 1140 1474 v.
1167 1446 1226 1474 893
1253 1444 1290 1473 ab

164 1498 223 1526 895
249 1500 412 1534 separetur.
470 1498 500 1526 Si
530 1508 634 1526 versus
663 1498 809 1535 genuinus
838 1500 896 1534 est,
932 1499 1098 1526 necessario
1129 1499 1196 1526 ante
1229 1497 1288 1525 893

162 1548 317 1586 ponendus
341 1552 399 1583 est3
424 1549 560 1587 supplevi
584 1552 681 1577 autem
705 1556 814 1578 uerum
837 1547 971 1585 ‘z'nM’n‘i0,
1002 1549 1081 1586 quod
1105 1549 1199 1584 magis
1223 1558 1290 1576 con-

163 1600 244 1628 venit
267 1609 331 1628 cum
355 1601 453 1637 spatio
477 1601 672 1638 palimpsesti.
703 1615 744 1619 —
779 1602 849 1629 896.
886 1598 1052 1629 slismarite
1074 1601 1114 1636 A,
1146 1601 1164 1628 i.
1189 1610 1213 1627 e.
1239 1600 1290 1636 qui

163 1654 248 1679 extra
279 1651 397 1680 domum
429 1652 649 1680 matrimonium
680 1653 814 1688 quaeris3
850 1662 912 1680 voe.
937 1652 992 1680 hoc
1014 1661 1074 1680 uno
1104 1652 1166 1680 loco
1190 1651 1289 1679 inven-

163 1705 235 1730 tum.
261 1717 302 1721 —
325 1700 380 1731 hoc
403 1703 518 1732 ornatu
542 1704 576 1731 A.
595 1719 636 1723 —-
662 1704 732 1732 897.
756 1702 896 1740 scipione
920 1703 987 1731 cdd.
1024 1703 1110 1731 Viros
1129 1703 1159 1730 in
1178 1701 1290 1730 Graecia

162 1754 252 1791 vulgo
275 1755 421 1792 scipiones
444 1755 506 1782 sive
531 1754 650 1783 baculos
681 1756 809 1791 gessisse
836 1758 968 1790 constat,
998 1755 1034 1783 cf.
1059 1763 1124 1791 quae
1148 1752 1236 1781 attuli
1259 1752 1289 1779 in

163 1805 245 1833 Actis
274 1805 380 1834 Societ.
415 1806 519 1834 Danic.
553 1805 660 1834 scient.
689 1806 731 1834 111
766 1803 874 1843 (1868)
908 1817 935 1844 p.
970 1807 1040 1834 203.
1075 1820 1115 1824 —
1143 1801 1288 1841 pallium.

163 1856 321 1894 Geppert.:
360 1856 505 1894 „pallio“;
539 1858 591 1885 sed
614 1858 755 1886 attractio
778 1859 877 1886 nescio
902 1868 939 1886 an
963 1858 1035 1885 ferri
1059 1857 1175 1891 debeat,
1200 1867 1228 1885 v.
1252 1855 1290 1884 ad

162 1907 254 1936 Mero.
280 1908 349 1936 227.
386 1923 426 1927 —
462 1909 521 1936 898
557 1908 720 1945 Myrrhinae
748 1908 831 1937 dedit
861 1909 1063 1943 Camerarius;
1097 1908 1289 1943 «Ioergensen.

163 1958 286 1987 Chalino
310 1960 423 1988 maluit.
479 1956 667 1988 moechissat
694 1960 853 1988 formatum
882 1960 964 1997 quasi
995 1970 1012 1988 a
1033 1961 1156 1996 μοιχίζω,
1185 1968 1288 1995 quam-

164 2019 251 2047 quam
274 2010 368 2039 Graeci
393 2012 493 2048 potius
515 2010 616 2047 μοιχᾶν
639 2014 669 2039 et
691 2012 826 2047 μοιχεύειν
850 2012 962 2047 dicunt,
988 2010 1111 2039 Romani
1130 2009 1287 2038 moechari.

163 2061 332 2091 Transitive
355 2063 444 2090 etiam
469 2062 507 2090 ad
531 2062 701 2090 Graecorum
725 2072 836 2090 morem
859 2064 991 2100 ponitur.
1016 2076 1058 2081 ——·
1082 2062 1152 2090 899.
1181 2058 1290 2091 Occidi

162 2116 192 2140 et
215 2110 240 2141 I
256 2111 288 2141 in
310 2115 344 2142 A.
367 2129 402 2132 —
426 2114 496 2141 901.
521 2120 602 2150 erqo,
628 2123 661 2141 ex
687 2123 786 2141 errore
810 2113 957 2142 scribendi
982 2117 1090 2148 ortum,
1113 2113 1225 2141 omittit
1251 2113 1285 2146 A,
