1596 2478
127 203 145 236 1,
168 205 190 236 1,
210 171 336 235 37—2s4
582 201 763 228 Menaechmi.
1166 201 1225 230 177

113 298 148 329 In
172 297 252 329 urbe
277 296 336 328 hac
358 295 524 334 habitant3
548 299 616 327 tum
640 295 825 327 meretrices
849 294 1000 326 mulieres

113 351 279 392 Nusquam
305 349 516 391 perhibentur
539 349 725 381 blandiores
748 350 900 389 gentium.
1177 355 1228 382 260

113 405 291 446 Propterea
314 403 389 435 huic
413 403 485 435 urbi
509 414 626 435 nomen
651 403 832 444 Epidamno
856 403 1036 440 inditumst,

113 459 196 498 Quia
218 469 312 490 nemo
336 458 436 490 ferme
460 458 529 490 sine
553 457 671 489 damno
695 457 758 489 huc
781 457 965 488 diuortitur.

534 517 806 548 Menaeclmnus-

114 572 181 613 Ego
204 573 288 604 istuc
312 572 445 604 cauebo.
492 570 578 603 Cedo
603 571 678 602 dum
702 570 765 602 huc
788 571 867 602 mihi
891 571 1120 612 marsuppium.

573 631 772 662 Messenio

113 685 198 723 Quid
221 697 258 718 eo
281 686 354 718 uis?

536 744 806 778 Menaechmus

401 800 471 832 Iam
494 799 552 832 abs
575 803 608 832 te
632 803 740 832 metuo
765 799 804 832 de
827 799 936 831 uerbis
958 800 1031 831 tuis.

569 859 770 891 Messenio

115 914 198 952 Quid
223 914 361 946 metuis?

540 973 808 1005 Menaechmus

401 1028 449 1060 Ne
473 1028 550 1059 mihi
576 1028 728 1059 damnum
751 1029 784 1059 in
808 1028 989 1068 Epidamno
1013 1027 1093 1059 duis.
1181 1036 1231 1061 265

113 1083 162 1114 Tu
185 1093 321 1123 magnus
345 1087 471 1114 amator
493 1083 666 1114 mulierum
691 1093 735 1120 eS,
758 1082 932 1121 Messenio,

116 1137 183 1176 Ego
207 1140 315 1169 autem
340 1137 436 1168 homo
459 1136 644 1176 iracundus,
669 1137 768 1168 animi
792 1137 923 1177 perciti3

114 1191 151 1223 Id
174 1196 358 1232 utrumque,
381 1194 551 1231 argentum
575 1191 705 1232 quando
730 1189 863 1229 habebo,
887 1201 1014 1230 cauero,

115 1245 162 1277 Ne
191 1250 227 1277 tu
251 1245 422 1286 delinquas
447 1256 527 1277 neue
550 1256 610 1286 ego
634 1246 758 1276 irascar
781 1245 851 1276 tibi.

572 1305 613 1336 M
619 1305 775 1335 exsenia

115 1359 201 1401 Cape
225 1363 325 1401 atque
350 1370 461 1399 serua;
484 1370 534 1391 me
557 1359 691 1391 lubente
715 1359 839 1391 feceris.
1183 1368 1233 1393 270

198 1539 451 1574 CYLINDRUS.
492 1539 789 1572 MENAECHMUS
813 1538 890 1580 (ΙΙ).
936 1539 1156 1571 MESSENIO.

564 1637 782 1679 Cylindrus

117 1692 204 1724 Bene
228 1692 385 1734 opsonaui
409 1695 508 1733 atque
533 1703 571 1723 ex
595 1703 666 1724 mea
689 1693 868 1730 sententia3

118 1746 244 1777 Bonum
269 1750 465 1786 anteponam
489 1747 663 1787 prandium
688 1746 911 1787 pransoribus.

117 1799 180 1831 Sed
204 1810 314 1831 eccum
338 1799 583 1832 Menaechmum
608 1801 713 1832 uideo.
761 1800 828 1832 Uae
851 1804 943 1841 tergo
967 1810 1051 1838 meo3

117 1854 209 1886 Prius
233 1855 296 1885 iam
320 1855 478 1886 conuiuae
503 1855 672 1887 ambulant
694 1859 770 1887 ante
793 1856 922 1894 ostium,

183 1975 230 2000 261
253 1974 327 1999 urbei
347 1974 373 2000 A
437 1974 556 2000 iuditust
574 1974 626 2001 BG
684 1976 734 2001 262
753 1974 812 2008 Qua
830 1975 857 2000 A
914 1973 1002 2000 fermo
1021 1974 1043 2000 0
1099 1974 1154 2001 huc
1174 1975 1234 2001 sine

117 2017 218 2043 damno
234 2017 266 2045 Β,
285 2017 349 2043 huic
367 2017 427 2043 sine
446 2017 506 2043 siue
525 2017 626 2044 damno
639 2018 661 2044 0
712 2017 902 2044 deuortiturc
951 2018 1001 2043 263
1019 2017 1101 2044 MES.
1121 2017 1234 2044 cedoss

185 2060 252 2086 mihi
272 2060 323 2086 hoc
342 2059 393 2086 BC
477 2061 648 2094 marsupium
667 2061 694 2087 A
789 2062 839 2086 265
858 2061 910 2086 diis
1006 2061 1057 2086 266
1076 2060 1195 2086 amciter
1215 2060 1237 2087 C'

118 2103 167 2128 267
186 2103 327 2129 iracundis
414 2103 515 2136 perditi
602 2105 652 2130 268
671 2104 760 2130 habeo
848 2104 898 2130 269
917 2112 970 2129 neu
1050 2103 1102 2129 270
1120 2103 1233 2129 iubente

185 2145 283 2172 feceris
302 2145 443 2179 cylinditis
462 2146 640 2172 menechmus
658 2146 797 2173 messenia
817 2145 839 2172 0
907 2146 956 2171 273
975 2145 1194 2179 uideonaetergo

1001 2201 1030 2226 12
