1596 2478
300 166 357 195 184
814 161 904 187 Planci
1212 160 1250 192 Π,
1267 161 1292 192 3,
1312 160 1410 187 16-29

296 256 482 295 Prandium,
506 260 541 288 ut
563 256 694 293 iussisti,
719 255 772 286 hic
794 259 941 286 curatum
964 258 1030 294 θεὴ
1058 255 1110 286 ubi
1136 254 1236 291 lubet,
1260 255 1307 285 ire
1331 254 1407 286 licet

1006 308 1206 340 adcubitum.

714 379 746 412 M
754 390 771 411 e
778 390 799 410 ιι
806 390 825 411 a
832 389 848 411 e
857 389 874 411 c
883 379 904 411 h
911 390 941 411 m
950 390 970 411 ιι
979 390 994 412 s

299 435 437 473 Quicum
460 435 541 467 haec
564 434 679 466 mulier
701 434 869 476 loquitur?

763 510 790 542 E
799 522 815 542 r
822 521 840 542 o
850 511 879 542 ti
889 521 908 542 u
917 521 947 542 m

805 564 964 606 Equidem
988 568 1103 596 tecum.

710 642 742 674 M
751 653 767 674 e
776 653 798 673 ιι
806 652 826 673 a
835 652 852 672 e
859 651 877 673 c
884 641 905 672 h
913 652 944 672 m
952 652 972 673 u
981 652 995 673 s

1097 694 1180 732 Quid
1205 704 1328 726 mecum
1352 693 1412 724 tibi

299 751 376 784 Fuit
398 761 550 792 umquam
575 755 632 783 aut
655 761 740 782 nunc
763 753 814 782 est
837 750 948 790 negoti
956 749 971 780 ‘?

764 826 948 858 Erotium

839 879 921 918 Quia
947 880 1000 920 pol
1024 883 1057 912 te
1081 890 1179 911 unum
1203 891 1242 911 ex
1265 879 1414 911 omnibus

299 936 408 969 Uenus
432 947 481 968 me
504 936 610 968 uoluit
634 934 849 975 magnificare,
874 945 978 975 neque
1002 934 1034 965 id
1058 934 1146 965 haud
1168 934 1320 965 inmerito
1342 923 1418 971 tuo3⁸

298 991 381 1023 Nam
405 994 532 1022 ecastor
555 989 643 1021 solus
666 989 846 1020 benefactis
869 989 934 1020 tuis
959 999 1008 1020 me
1032 987 1201 1020 florentem
1224 987 1313 1019 facis.
1365 996 1416 1021 365

717 1065 998 1098 Menaechmus

300 1121 397 1154 Certo
420 1121 502 1153 haec
525 1120 642 1152 mulier
665 1124 723 1152 aut
745 1121 861 1152 insana
883 1124 942 1151 aut
964 1119 1056 1150 ebria
1078 1123 1137 1153 est..
1162 1119 1333 1156 Messenio,

300 1177 389 1215 Quae
412 1175 574 1208 hominem
598 1175 742 1215 ignotum
767 1174 930 1215 conpellet
953 1185 1002 1205 me
1025 1178 1091 1206 tam
1116 1173 1328 1206 familiariter.

758 1251 957 1282 Messenio

299 1308 394 1339 Dixin
417 1317 487 1347 ego,
510 1307 610 1338 istaec
634 1305 686 1337 hic
709 1305 813 1338 solere
837 1305 929 1336 fieri?
975 1305 1066 1336 Folia
1090 1315 1173 1336 nunc
1196 1305 1326 1343 cadunt,

300 1362 467 1399 P1·aeut‚si
486 1360 629 1392 triduum
647 1360 700 1392 hic
718 1360 780 1391 hoc
797 1360 927 1396 erimus.
947 1363 1014 1390 tum
1033 1359 1166 1391 arbores
1185 1360 1215 1390 in
1235 1363 1267 1390 te
1285 1360 1413 1391 cadent.

301 1416 380 1447 Nam
395 1416 441 1447 ita
454 1418 529 1446 sunt
541 1415 592 1446 hic
607 1415 801 1451 meretrices,
820 1424 931 1445 omnes
951 1413 1117 1445 elecebrae
1131 1414 1344 1453 argentariae.
1365 1422 1416 1447 370

302 1469 364 1501 Sed
389 1470 457 1501 sine
481 1480 530 1501 me
554 1469 629 1501 dum
653 1470 737 1501 hanc
755 1467 947 1508 conpellare.
996 1467 1093 1506 Heus,
1111 1467 1236 1505 mulier,
1253 1467 1313 1498 tibi
1333 1467 1413 1498 dico.

767 1544 793 1576 Ε
800 1555 816 1576 r
824 1555 842 1577 o
849 1548 863 1576 t
870 1545 879 1576 i
890 1555 910 1576 u
918 1555 947 1576 m

1236 1597 1319 1636 Quid
1343 1598 1415 1629 est‘?

757 1659 799 1689 M
801 1669 816 1690 e
823 1670 839 1689 s
846 1668 862 1689 s
871 1669 886 1689 e
895 1659 958 1689 nio

303 1713 365 1746 Ubi
389 1718 424 1746 tu
449 1714 533 1746 hunc
555 1713 716 1746 hominem
740 1713 861 1745 nouisti
871 1713 886 1744 ‘?

768 1790 949 1822 Erotium

889 1843 1012 1876 Ibidem
1036 1843 1092 1875 ubi
1116 1844 1168 1875 hic
1190 1853 1240 1874 me
1263 1844 1327 1874 iam
1351 1842 1417 1881 diu,

302 1899 339 1930 In
362 1898 554 1940 Epidamno.

371 2019 418 2044 361
440 2019 640 2044 curabunt-ubi
660 2017 696 2051 Β,
717 2020 829 2044 curatus
848 2017 898 2042 tibi
919 2016 940 2043 C
1067 2017 1116 2043 362
1134 2015 1215 2042 MES.
1236 2015 1371 2049 Equidem
1391 2014 1418 2042 Β

306 2061 356 2087 362
375 2061 433 2094 polt
452 2060 474 2087 0
555 2062 603 2087 364
623 2061 715 2087 Fenus
734 2060 756 2086 C
837 2060 886 2085 365
906 2059 985 2085 fatias
1005 2059 1038 2091 Β,
1058 2058 1142 2085 facins
1162 2059 1184 2083 C
1264 2059 1315 2084 368
1334 2058 1418 2083 istaec

305 2103 366 2129 heic
385 2102 418 2136 B,
441 2104 493 2129 ieta
511 2103 585 2129 ethic
606 2102 628 2130 G
695 2102 778 2129 fortia
846 2103 892 2128 371
915 2101 993 2127 dicos
1012 2101 1078 2135 quid
1147 2101 1197 2127 372
1216 2100 1299 2127 MES.
1317 2108 1367 2127 mn.
