<?xml version="1.0" encoding="UTF-8"?>
<!DOCTYPE html PUBLIC "-//W3C//DTD XHTML 1.0 Transitional//EN"
    "http://www.w3.org/TR/xhtml1/DTD/xhtml1-transitional.dtd">
<html xmlns="http://www.w3.org/1999/xhtml" xml:lang="en" lang="en">
 <head>
  <title>
</title>
<meta http-equiv="Content-Type" content="text/html;charset=utf-8" />
  <meta name='ocr-system' content='tesseract 3.04.00' />
  <meta name='ocr-capabilities' content='ocr_page ocr_carea ocr_par ocr_line ocrx_word'/>
</head>
<body>
  <div class='ocr_page' id='page_1' title='image "./comoediaerecensu03plauuoft_0138.png"; bbox 0 0 1596 2478; ppageno 0'>
   <div class='ocr_carea' id='block_1_1' title="bbox 267 178 880 211">
    <p class='ocr_par' dir='ltr' id='par_1_1' title="bbox 267 178 880 211">
     <span class='ocr_line' id='line_1_1' title="bbox 267 178 880 211; baseline -0.013 0"><span class='ocrx_word' id='word_1_1' title='bbox 267 181 328 211; x_wconf 89' lang='lat'><strong>130</strong></span> <span class='ocrx_word' id='word_1_2' title='bbox 771 178 880 204; x_wconf 73' lang='lat' dir='ltr'><strong>Casina.</strong></span> 
     </span>
    </p>
   </div>
   <div class='ocr_carea' id='block_1_2' title="bbox 263 275 1395 2149">
    <p class='ocr_par' dir='ltr' id='par_1_2' title="bbox 263 275 1395 2149">
     <span class='ocr_line' id='line_1_2' title="bbox 263 275 1392 313; baseline 0 -9"><span class='ocrx_word' id='word_1_3' title='bbox 263 285 352 313; x_wconf 78' lang='lat' dir='ltr'><strong>quam</strong></span> <span class='ocrx_word' id='word_1_4' title='bbox 375 278 490 304; x_wconf 77' lang='lat' dir='ltr'><strong>mutato</strong></span> <span class='ocrx_word' id='word_1_5' title='bbox 513 275 630 303; x_wconf 86' lang='lat' dir='ltr'><strong>nomine</strong></span> <span class='ocrx_word' id='word_1_6' title='bbox 654 275 782 303; x_wconf 82' lang='lat' dir='ltr'><strong>fortasse</strong></span> <span class='ocrx_word' id='word_1_7' title='bbox 804 284 891 303; x_wconf 85' lang='lat' dir='ltr'><strong>nemo</strong></span> <span class='ocrx_word' id='word_1_8' title='bbox 915 277 1071 311; x_wconf 76' lang='lat' dir='ltr'>agniturus</span> <span class='ocrx_word' id='word_1_9' title='bbox 1095 278 1169 304; x_wconf 81' lang='lat' dir='ltr'><strong>erat.</strong></span> <span class='ocrx_word' id='word_1_10' title='bbox 1216 275 1279 304; x_wconf 86' lang='lat' dir='ltr'><strong>Hoc</strong></span> <span class='ocrx_word' id='word_1_11' title='bbox 1298 276 1392 304; x_wconf 77' lang='lat' dir='ltr'><strong>celare</strong></span> 
     </span>
     <span class='ocr_line' id='line_1_3' title="bbox 263 325 1392 363; baseline -0.001 -8"><span class='ocrx_word' id='word_1_12' title='bbox 263 336 322 355; x_wconf 88' lang='lat' dir='ltr'><strong>non</strong></span> <span class='ocrx_word' id='word_1_13' title='bbox 346 329 391 354; x_wconf 86' lang='lat' dir='ltr'><strong>est</strong></span> <span class='ocrx_word' id='word_1_14' title='bbox 414 326 481 354; x_wconf 87' lang='lat' dir='ltr'><strong>fidei</strong></span> <span class='ocrx_word' id='word_1_15' title='bbox 505 335 594 360; x_wconf 77' lang='lat' dir='ltr'><strong>meae3</strong></span> <span class='ocrx_word' id='word_1_16' title='bbox 619 326 745 362; x_wconf 85' lang='lat' dir='ltr'><strong>ingenue</strong></span> <span class='ocrx_word' id='word_1_17' title='bbox 769 335 830 354; x_wconf 84' lang='lat' dir='ltr'><strong>rem</strong></span> <span class='ocrx_word' id='word_1_18' title='bbox 850 325 1031 363; x_wconf 86' lang='lat' dir='ltr'><strong>profitebor;</strong></span> <span class='ocrx_word' id='word_1_19' title='bbox 1056 336 1073 354; x_wconf 80' lang='lat' dir='ltr'><strong>a</strong></span> <span class='ocrx_word' id='word_1_20' title='bbox 1090 325 1174 355; x_wconf 89' lang='lat' dir='ltr'><strong>vobis</strong></span> <span class='ocrx_word' id='word_1_21' title='bbox 1192 329 1299 362; x_wconf 79' lang='lat' dir='ltr'><strong>autem,</strong></span> <span class='ocrx_word' id='word_1_22' title='bbox 1324 326 1392 354; x_wconf 86' lang='lat' dir='ltr'><strong>fidei</strong></span> 
     </span>
     <span class='ocr_line' id='line_1_4' title="bbox 263 375 1393 414; baseline 0 -9"><span class='ocrx_word' id='word_1_23' title='bbox 263 377 448 411; x_wconf 78' lang='lat' dir='ltr'><strong>fautoribus,</strong></span> <span class='ocrx_word' id='word_1_24' title='bbox 473 377 542 405; x_wconf 85' lang='lat' dir='ltr'><strong>fidei</strong></span> <span class='ocrx_word' id='word_1_25' title='bbox 564 376 718 414; x_wconf 68' lang='lat' dir='ltr'><strong>praemium</strong></span> <span class='ocrx_word' id='word_1_26' title='bbox 741 375 863 414; x_wconf 87' lang='lat' dir='ltr'><strong>posco“.</strong></span> <span class='ocrx_word' id='word_1_27' title='bbox 917 376 976 405; x_wconf 82' lang='lat' dir='ltr'><strong>Sed</strong></span> <span class='ocrx_word' id='word_1_28' title='bbox 998 380 1033 405; x_wconf 89' lang='lat' dir='ltr'><strong>ut</strong></span> <span class='ocrx_word' id='word_1_29' title='bbox 1057 377 1114 405; x_wconf 79' lang='lat' dir='ltr'><strong>alia</strong></span> <span class='ocrx_word' id='word_1_30' title='bbox 1137 378 1286 412; x_wconf 78' lang='lat' dir='ltr'><strong>omittam,</strong></span> <span class='ocrx_word' id='word_1_31' title='bbox 1320 377 1393 406; x_wconf 85' lang='lat' dir='ltr'><strong>nihil</strong></span> 
     </span>
     <span class='ocr_line' id='line_1_5' title="bbox 263 427 1394 465; baseline 0 -9"><span class='ocrx_word' id='word_1_32' title='bbox 263 428 358 456; x_wconf 79' lang='lat' dir='ltr'><strong>adhuc</strong></span> <span class='ocrx_word' id='word_1_33' title='bbox 376 427 596 464; x_wconf 72' lang='lat' dir='ltr'><strong>spectatoribus</strong></span> <span class='ocrx_word' id='word_1_34' title='bbox 614 428 762 464; x_wconf 76' lang='lat' dir='ltr'>promisit,</span> <span class='ocrx_word' id='word_1_35' title='bbox 782 437 840 465; x_wconf 89' lang='lat' dir='ltr'><strong>quo</strong></span> <span class='ocrx_word' id='word_1_36' title='bbox 860 428 933 456; x_wconf 77' lang='lat' dir='ltr'><strong>tulin</strong></span> <span class='ocrx_word' id='word_1_37' title='bbox 951 428 1056 456; x_wconf 85' lang='lat' dir='ltr'><strong>referri</strong></span> <span class='ocrx_word' id='word_1_38' title='bbox 1076 431 1206 465; x_wconf 76' lang='lat' dir='ltr'>possent.</span> <span class='ocrx_word' id='word_1_39' title='bbox 1254 428 1394 457; x_wconf 77' lang='lat' dir='ltr'><strong>Publicae</strong></span> 
     </span>
     <span class='ocr_line' id='line_1_6' title="bbox 263 478 1395 517; baseline 0 -10"><span class='ocrx_word' id='word_1_40' title='bbox 263 479 367 517; x_wconf 89' lang='lat' dir='ltr'><strong>populi</strong></span> <span class='ocrx_word' id='word_1_41' title='bbox 391 479 518 507; x_wconf 78' lang='lat' dir='ltr'><strong>Romani</strong></span> <span class='ocrx_word' id='word_1_42' title='bbox 546 487 592 506; x_wconf 81' lang='lat' dir='ltr'><strong>res</strong></span> <span class='ocrx_word' id='word_1_43' title='bbox 621 479 750 516; x_wconf 82' lang='lat' dir='ltr'><strong>spectari</strong></span> <span class='ocrx_word' id='word_1_44' title='bbox 777 478 933 513; x_wconf 83' lang='lat' dir='ltr'><strong>videntur,</strong></span> <span class='ocrx_word' id='word_1_45' title='bbox 966 489 1000 507; x_wconf 84' lang='lat' dir='ltr'><strong>ac</strong></span> <span class='ocrx_word' id='word_1_46' title='bbox 1030 479 1155 507; x_wconf 78' lang='lat' dir='ltr'><strong>fortasse</strong></span> <span class='ocrx_word' id='word_1_47' title='bbox 1184 483 1265 507; x_wconf 79' lang='lat' dir='ltr'><strong>certa</strong></span> <span class='ocrx_word' id='word_1_48' title='bbox 1293 480 1395 517; x_wconf 75' lang='lat' dir='ltr'><strong>aliqua</strong></span> 
     </span>
     <span class='ocr_line' id='line_1_7' title="bbox 263 529 1393 567; baseline 0 -9"><span class='ocrx_word' id='word_1_49' title='bbox 263 531 395 565; x_wconf 78' lang='lat' dir='ltr'>occasio,</span> <span class='ocrx_word' id='word_1_50' title='bbox 430 539 489 567; x_wconf 77' lang='lat' dir='ltr'><strong>qua</strong></span> <span class='ocrx_word' id='word_1_51' title='bbox 518 539 549 557; x_wconf 82' lang='lat' dir='ltr'><strong>se</strong></span> <span class='ocrx_word' id='word_1_52' title='bbox 572 529 677 557; x_wconf 84' lang='lat' dir='ltr'><strong>Fidem</strong></span> <span class='ocrx_word' id='word_1_53' title='bbox 709 530 829 558; x_wconf 78' lang='lat' dir='ltr'><strong>maximi</strong></span> <span class='ocrx_word' id='word_1_54' title='bbox 861 530 959 558; x_wconf 79' lang='lat' dir='ltr'><strong>facere</strong></span> <span class='ocrx_word' id='word_1_55' title='bbox 989 530 1118 567; x_wconf 81' lang='lat' dir='ltr'><strong>populus</strong></span> <span class='ocrx_word' id='word_1_56' title='bbox 1146 530 1296 567; x_wconf 83' lang='lat' dir='ltr'><strong>professus</strong></span> <span class='ocrx_word' id='word_1_57' title='bbox 1320 533 1393 559; x_wconf 77' lang='lat' dir='ltr'><strong>erat.</strong></span> 
     </span>
     <span class='ocr_line' id='line_1_8' title="bbox 263 580 1392 618; baseline 0.001 -9"><span class='ocrx_word' id='word_1_58' title='bbox 263 581 344 609; x_wconf 72' lang='lat' dir='ltr'><strong>Talis</strong></span> <span class='ocrx_word' id='word_1_59' title='bbox 376 581 433 609; x_wconf 85' lang='lat' dir='ltr'><strong>suit</strong></span> <span class='ocrx_word' id='word_1_60' title='bbox 466 580 550 609; x_wconf 87' lang='lat' dir='ltr'><strong>verbi</strong></span> <span class='ocrx_word' id='word_1_61' title='bbox 579 590 667 608; x_wconf 70' lang='lat' dir='ltr'><strong>causa</strong></span> <span class='ocrx_word' id='word_1_62' title='bbox 697 580 811 609; x_wconf 91' lang='lat' dir='ltr'><strong>deditio</strong></span> <span class='ocrx_word' id='word_1_63' title='bbox 841 580 872 609; x_wconf 92' lang='lat' dir='ltr'><strong>C.</strong></span> <span class='ocrx_word' id='word_1_64' title='bbox 898 580 1027 609; x_wconf 76' lang='lat' dir='ltr'><strong>Mancini</strong></span> <span class='ocrx_word' id='word_1_65' title='bbox 1059 591 1084 609; x_wconf 78' lang='lat' dir='ltr'><strong>a.</strong></span> <span class='ocrx_word' id='word_1_66' title='bbox 1113 582 1171 609; x_wconf 88' lang='lat'><strong>137</strong></span> <span class='ocrx_word' id='word_1_67' title='bbox 1203 581 1289 615; x_wconf 80' lang='lat' dir='ltr'><strong>fucta,</strong></span> <span class='ocrx_word' id='word_1_68' title='bbox 1325 591 1392 618; x_wconf 79' lang='lat' dir='ltr'><strong>qua,</strong></span> 
     </span>
     <span class='ocr_line' id='line_1_9' title="bbox 264 631 1395 670; baseline 0 -10"><span class='ocrx_word' id='word_1_69' title='bbox 264 633 398 669; x_wconf 77' lang='lat' dir='ltr'><strong>quamvis</strong></span> <span class='ocrx_word' id='word_1_70' title='bbox 422 631 508 660; x_wconf 85' lang='lat' dir='ltr'><strong>uobis</strong></span> <span class='ocrx_word' id='word_1_71' title='bbox 530 631 721 660; x_wconf 85' lang='lat' dir='ltr'><strong>vehementer</strong></span> <span class='ocrx_word' id='word_1_72' title='bbox 744 631 942 668; x_wconf 77' lang='lat' dir='ltr'><strong>improbetur,</strong></span> <span class='ocrx_word' id='word_1_73' title='bbox 967 634 1067 660; x_wconf 80' lang='lat' dir='ltr'><strong>tamen</strong></span> <span class='ocrx_word' id='word_1_74' title='bbox 1088 631 1229 660; x_wconf 82' lang='lat' dir='ltr'><strong>Romanis</strong></span> <span class='ocrx_word' id='word_1_75' title='bbox 1253 633 1325 670; x_wconf 85' lang='lat' dir='ltr'><strong>ipsis</strong></span> <span class='ocrx_word' id='word_1_76' title='bbox 1347 632 1395 660; x_wconf 89' lang='lat' dir='ltr'><strong>vel</strong></span> 
     </span>
     <span class='ocr_line' id='line_1_10' title="bbox 263 681 1392 718; baseline 0 -7"><span class='ocrx_word' id='word_1_77' title='bbox 263 683 413 711; x_wconf 81' lang='lat' dir='ltr'><strong>honestati</strong></span> <span class='ocrx_word' id='word_1_78' title='bbox 442 683 490 711; x_wconf 86' lang='lat' dir='ltr'><strong>vel</strong></span> <span class='ocrx_word' id='word_1_79' title='bbox 519 682 589 711; x_wconf 88' lang='lat' dir='ltr'><strong>fidei</strong></span> <span class='ocrx_word' id='word_1_80' title='bbox 618 682 804 710; x_wconf 77' lang='lat' dir='ltr'><strong>satisfactum</strong></span> <span class='ocrx_word' id='word_1_81' title='bbox 833 681 1009 717; x_wconf 78' lang='lat' dir='ltr'><strong>videbatur,</strong></span> <span class='ocrx_word' id='word_1_82' title='bbox 1043 693 1071 711; x_wconf 85' lang='lat' dir='ltr'><strong>v.</strong></span> <span class='ocrx_word' id='word_1_83' title='bbox 1096 682 1154 711; x_wconf 89' lang='lat' dir='ltr'><strong>Cic.</strong></span> <span class='ocrx_word' id='word_1_84' title='bbox 1181 682 1236 711; x_wconf 85' lang='lat' dir='ltr'><strong>Off.</strong></span> <span class='ocrx_word' id='word_1_85' title='bbox 1261 682 1318 716; x_wconf 80' lang='lat'>111,</span> <span class='ocrx_word' id='word_1_86' title='bbox 1344 683 1392 718; x_wconf 87' lang='lat'><strong>30,</strong></span> 
     </span>
     <span class='ocr_line' id='line_1_11' title="bbox 267 731 1392 770; baseline -0.001 -7"><span class='ocrx_word' id='word_1_87' title='bbox 267 735 336 763; x_wconf 83' lang='lat'><strong>109.</strong></span> <span class='ocrx_word' id='word_1_88' title='bbox 368 749 404 754; x_wconf 93' lang='lat'>—</span> <span class='ocrx_word' id='word_1_89' title='bbox 441 733 513 762; x_wconf 86' lang='lat' dir='ltr'><strong>Post</strong></span> <span class='ocrx_word' id='word_1_90' title='bbox 540 731 684 762; x_wconf 74' lang='lat' dir='ltr'><strong>maxumi</strong></span> <span class='ocrx_word' id='word_1_91' title='bbox 711 733 827 768; x_wconf 57' lang='lat' dir='ltr'><strong>hiatum</strong></span> <span class='ocrx_word' id='word_1_92' title='bbox 863 733 897 762; x_wconf 87' lang='lat' dir='ltr'><strong>R.</strong></span> <span class='ocrx_word' id='word_1_93' title='bbox 921 733 1044 769; x_wconf 83' lang='lat' dir='ltr'><strong>Parerg.</strong></span> <span class='ocrx_word' id='word_1_94' title='bbox 1073 743 1102 770; x_wconf 86' lang='lat' dir='ltr'><strong>p.</strong></span> <span class='ocrx_word' id='word_1_95' title='bbox 1128 732 1187 762; x_wconf 86' lang='lat'><strong>201</strong></span> <span class='ocrx_word' id='word_1_96' title='bbox 1222 736 1271 769; x_wconf 80' lang='lat' dir='ltr'><strong>„et</strong></span> <span class='ocrx_word' id='word_1_97' title='bbox 1302 732 1392 762; x_wconf 89' lang='lat' dir='ltr'><strong>item“</strong></span> 
     </span>
     <span class='ocr_line' id='line_1_12' title="bbox 263 780 1395 822; baseline -0.001 -9"><span class='ocrx_word' id='word_1_98' title='bbox 263 786 391 822; x_wconf 82' lang='lat' dir='ltr'><strong>scripsit.</strong></span> <span class='ocrx_word' id='word_1_99' title='bbox 410 799 451 803; x_wconf 90' lang='lat'><strong>—-</strong></span> <span class='ocrx_word' id='word_1_100' title='bbox 471 783 502 813; x_wconf 69' lang='lat' dir='ltr'><strong>et</strong></span> <span class='ocrx_word' id='word_1_101' title='bbox 522 792 580 813; x_wconf 81' lang='lat' dir='ltr'><strong>uos</strong></span> <span class='ocrx_word' id='word_1_102' title='bbox 603 780 717 819; x_wconf 66' lang='lat' dir='ltr'><strong>Fide-&lt;53</strong></span> <span class='ocrx_word' id='word_1_103' title='bbox 752 784 878 812; x_wconf 78' lang='lat' dir='ltr'><strong>relativa</strong></span> <span class='ocrx_word' id='word_1_104' title='bbox 901 785 1048 812; x_wconf 82' lang='lat' dir='ltr'><strong>sententia</strong></span> <span class='ocrx_word' id='word_1_105' title='bbox 1075 785 1106 812; x_wconf 89' lang='lat' dir='ltr'><strong>in</strong></span> <span class='ocrx_word' id='word_1_106' title='bbox 1132 784 1395 813; x_wconf 70' lang='lat' dir='ltr'><strong>demonstrativam</strong></span> 
     </span>
     <span class='ocr_line' id='line_1_13' title="bbox 265 835 1394 873; baseline -0.001 -8"><span class='ocrx_word' id='word_1_107' title='bbox 265 837 335 873; x_wconf 80' lang='lat' dir='ltr'><strong>abit,</strong></span> <span class='ocrx_word' id='word_1_108' title='bbox 359 837 394 865; x_wconf 83' lang='lat' dir='ltr'><strong>cf.</strong></span> <span class='ocrx_word' id='word_1_109' title='bbox 420 835 519 864; x_wconf 74' lang='lat' dir='ltr'><strong>Madv.</strong></span> <span class='ocrx_word' id='word_1_110' title='bbox 544 835 594 864; x_wconf 57' lang='lat' dir='ltr'><strong>Gr.</strong></span> <span class='ocrx_word' id='word_1_111' title='bbox 620 835 685 864; x_wconf 73' lang='lat' dir='ltr'><strong>Lat.</strong></span> <span class='ocrx_word' id='word_1_112' title='bbox 712 836 770 864; x_wconf 80' lang='lat'><strong>323</strong></span> <span class='ocrx_word' id='word_1_113' title='bbox 796 836 814 863; x_wconf 92' lang='lat' dir='ltr'>b</span> <span class='ocrx_word' id='word_1_114' title='bbox 839 838 870 863; x_wconf 82' lang='lat' dir='ltr'><strong>et</strong></span> <span class='ocrx_word' id='word_1_115' title='bbox 893 835 999 872; x_wconf 90' lang='lat' dir='ltr'><strong>Opusc.</strong></span> <span class='ocrx_word' id='word_1_116' title='bbox 1026 835 1107 864; x_wconf 75' lang='lat' dir='ltr'><strong>acad.</strong></span> <span class='ocrx_word' id='word_1_117' title='bbox 1131 835 1160 864; x_wconf 92' lang='lat'><strong>11</strong></span> <span class='ocrx_word' id='word_1_118' title='bbox 1183 846 1212 873; x_wconf 91' lang='lat' dir='ltr'><strong>p.</strong></span> <span class='ocrx_word' id='word_1_119' title='bbox 1240 837 1308 872; x_wconf 88' lang='grc'><strong>178,</strong></span> <span class='ocrx_word' id='word_1_120' title='bbox 1341 846 1394 864; x_wconf 84' lang='lat' dir='ltr'><strong>nec</strong></span> 
     </span>
     <span class='ocr_line' id='line_1_14' title="bbox 264 886 1394 925; baseline -0.001 -8"><span class='ocrx_word' id='word_1_121' title='bbox 264 897 339 925; x_wconf 88' lang='lat' dir='ltr'><strong>opus</strong></span> <span class='ocrx_word' id='word_1_122' title='bbox 363 890 408 916; x_wconf 90' lang='lat' dir='ltr'><strong>est</strong></span> <span class='ocrx_word' id='word_1_123' title='bbox 431 897 497 916; x_wconf 89' lang='lat' dir='ltr'><strong>cum</strong></span> <span class='ocrx_word' id='word_1_124' title='bbox 521 887 672 925; x_wconf 85' lang='lat' dir='ltr'><strong>Gepperto</strong></span> <span class='ocrx_word' id='word_1_125' title='bbox 698 888 766 922; x_wconf 81' lang='lat' dir='ltr'><strong>„ut“</strong></span> <span class='ocrx_word' id='word_1_126' title='bbox 793 886 932 914; x_wconf 82' lang='lat' dir='ltr'><strong>scribere.</strong></span> <span class='ocrx_word' id='word_1_127' title='bbox 963 901 1004 906; x_wconf 90' lang='lat'><em>-</em></span> <span class='ocrx_word' id='word_1_128' title='bbox 1035 887 1063 915; x_wconf 85' lang='lat'><strong>4.</strong></span> <span class='ocrx_word' id='word_1_129' title='bbox 1088 888 1166 914; x_wconf 84' lang='lat' dir='ltr'><strong>Ante</strong></span> <span class='ocrx_word' id='word_1_130' title='bbox 1189 894 1304 924; x_wconf 81' lang='lat' dir='ltr'><strong>aequos</strong></span> <span class='ocrx_word' id='word_1_131' title='bbox 1324 888 1352 915; x_wconf 91' lang='lat' dir='ltr'><strong>in</strong></span> <span class='ocrx_word' id='word_1_132' title='bbox 1371 887 1394 916; x_wconf 92' lang='lat' dir='ltr'><strong>B</strong></span> 
     </span>
     <span class='ocr_line' id='line_1_15' title="bbox 264 935 1393 976; baseline -0.001 -9"><span class='ocrx_word' id='word_1_133' title='bbox 264 939 432 976; x_wconf 82' lang='lat' dir='ltr'><strong>posteriore</strong></span> <span class='ocrx_word' id='word_1_134' title='bbox 456 948 545 966; x_wconf 80' lang='lat' dir='ltr'><strong>manu</strong></span> <span class='ocrx_word' id='word_1_135' title='bbox 572 937 672 973; x_wconf 85' lang='lat' dir='ltr'><strong>„esse“</strong></span> <span class='ocrx_word' id='word_1_136' title='bbox 699 937 835 966; x_wconf 79' lang='lat' dir='ltr'><strong>additum</strong></span> <span class='ocrx_word' id='word_1_137' title='bbox 858 940 912 965; x_wconf 90' lang='lat' dir='ltr'><strong>est.</strong></span> <span class='ocrx_word' id='word_1_138' title='bbox 945 952 982 956; x_wconf 95' lang='lat'><strong>—</strong></span> <span class='ocrx_word' id='word_1_139' title='bbox 1013 939 1041 966; x_wconf 86' lang='lat'><strong>7.</strong></span> <span class='ocrx_word' id='word_1_140' title='bbox 1072 935 1218 974; x_wconf 74' lang='lat' dir='ltr'><strong>Antiqua</strong></span> <span class='ocrx_word' id='word_1_141' title='bbox 1248 941 1299 966; x_wconf 82' lang='lat' dir='ltr'><strong>aut</strong></span> <span class='ocrx_word' id='word_1_142' title='bbox 1329 948 1393 966; x_wconf 87' lang='lat' dir='ltr'><strong>cum</strong></span> 
     </span>
     <span class='ocr_line' id='line_1_16' title="bbox 263 985 1394 1027; baseline -0.001 -9"><span class='ocrx_word' id='word_1_143' title='bbox 263 990 348 1018; x_wconf 82' lang='lat' dir='ltr'><strong>hiatu</strong></span> <span class='ocrx_word' id='word_1_144' title='bbox 372 993 424 1018; x_wconf 74' lang='lat' dir='ltr'><strong>aut</strong></span> <span class='ocrx_word' id='word_1_145' title='bbox 447 992 592 1027; x_wconf 77' lang='lat' dir='ltr'><strong>quattuor</strong></span> <span class='ocrx_word' id='word_1_146' title='bbox 614 988 736 1026; x_wconf 78' lang='lat' dir='ltr'><strong>syllabis</strong></span> <span class='ocrx_word' id='word_1_147' title='bbox 762 985 909 1026; x_wconf 78' lang='lat' dir='ltr'><strong>(anticun)</strong></span> <span class='ocrx_word' id='word_1_148' title='bbox 933 988 980 1017; x_wconf 84' lang='lat' dir='ltr'><strong>hic</strong></span> <span class='ocrx_word' id='word_1_149' title='bbox 1004 991 1034 1017; x_wconf 76' lang='lat' dir='ltr'><strong>et</strong></span> <span class='ocrx_word' id='word_1_150' title='bbox 1056 999 1082 1017; x_wconf 87' lang='lat' dir='ltr'><strong>v.</strong></span> <span class='ocrx_word' id='word_1_151' title='bbox 1108 989 1142 1017; x_wconf 82' lang='lat'><strong>13</strong></span> <span class='ocrx_word' id='word_1_152' title='bbox 1168 991 1394 1026; x_wconf 76' lang='lat' dir='ltr'><strong>pronuntiatum</strong></span> 
     </span>
     <span class='ocr_line' id='line_1_17' title="bbox 264 1039 1393 1078; baseline 0 -10"><span class='ocrx_word' id='word_1_153' title='bbox 264 1041 394 1069; x_wconf 86' lang='lat' dir='ltr'><strong>videtur.</strong></span> <span class='ocrx_word' id='word_1_154' title='bbox 445 1041 576 1075; x_wconf 81' lang='lat' dir='ltr'><strong>Quorum</strong></span> <span class='ocrx_word' id='word_1_155' title='bbox 605 1050 695 1078; x_wconf 88' lang='lat' dir='ltr'><strong>quum</strong></span> <span class='ocrx_word' id='word_1_156' title='bbox 726 1044 865 1068; x_wconf 85' lang='lat' dir='ltr'><strong>neutrum</strong></span> <span class='ocrx_word' id='word_1_157' title='bbox 889 1039 954 1068; x_wconf 86' lang='lat' dir='ltr'><strong>fieri</strong></span> <span class='ocrx_word' id='word_1_158' title='bbox 979 1050 1066 1077; x_wconf 83' lang='lat' dir='ltr'><strong>posse</strong></span> <span class='ocrx_word' id='word_1_159' title='bbox 1089 1043 1256 1075; x_wconf 84' lang='lat' dir='ltr'><strong>censerent,</strong></span> <span class='ocrx_word' id='word_1_160' title='bbox 1283 1040 1393 1078; x_wconf 79' lang='lat' dir='ltr'><strong>Haupt.</strong></span> 
     </span>
     <span class='ocr_line' id='line_1_18' title="bbox 265 1089 1394 1132; baseline -0.002 -12"><span class='ocrx_word' id='word_1_161' title='bbox 265 1095 295 1120; x_wconf 84' lang='lat' dir='ltr'><strong>et</strong></span> <span class='ocrx_word' id='word_1_162' title='bbox 328 1092 363 1120; x_wconf 84' lang='lat' dir='ltr'><strong>R.</strong></span> <span class='ocrx_word' id='word_1_163' title='bbox 397 1091 508 1129; x_wconf 82' lang='lat' dir='ltr'><strong>„Atqui</strong></span> <span class='ocrx_word' id='word_1_164' title='bbox 543 1089 696 1129; x_wconf 77' lang='lat' dir='ltr'><strong>antiqun“,</strong></span> <span class='ocrx_word' id='word_1_165' title='bbox 738 1090 880 1129; x_wconf 84' lang='lat' dir='ltr'><strong>Geppert.</strong></span> <span class='ocrx_word' id='word_1_166' title='bbox 920 1090 1028 1125; x_wconf 76' lang='lat' dir='ltr'><strong>„Proin</strong></span> <span class='ocrx_word' id='word_1_167' title='bbox 1063 1089 1216 1128; x_wconf 73' lang='lat' dir='ltr'><strong>antiqun“‚</strong></span> <span class='ocrx_word' id='word_1_168' title='bbox 1257 1090 1394 1132; x_wconf 79' lang='lat' dir='ltr'><strong>Seyffert.</strong></span> 
     </span>
     <span class='ocr_line' id='line_1_19' title="bbox 263 1139 1393 1180; baseline -0.001 -9"><span class='ocrx_word' id='word_1_169' title='bbox 263 1143 372 1171; x_wconf 82' lang='lat' dir='ltr'><strong>Philol.</strong></span> <span class='ocrx_word' id='word_1_170' title='bbox 396 1142 497 1171; x_wconf 78' lang='lat' dir='ltr'>XXIX</span> <span class='ocrx_word' id='word_1_171' title='bbox 519 1153 549 1180; x_wconf 91' lang='lat' dir='ltr'><strong>p.</strong></span> <span class='ocrx_word' id='word_1_172' title='bbox 576 1143 634 1171; x_wconf 88' lang='grc'><strong>307</strong></span> <span class='ocrx_word' id='word_1_173' title='bbox 663 1140 892 1180; x_wconf 77' lang='lat' dir='ltr'><strong>„Antiquaque“</strong></span> <span class='ocrx_word' id='word_1_174' title='bbox 918 1142 1110 1180; x_wconf 82' lang='lat' dir='ltr'><strong>scripserunt.</strong></span> <span class='ocrx_word' id='word_1_175' title='bbox 1138 1157 1174 1161; x_wconf 85' lang='lat'>—</span> <span class='ocrx_word' id='word_1_176' title='bbox 1201 1143 1228 1170; x_wconf 88' lang='lat'><strong>8.</strong></span> <span class='ocrx_word' id='word_1_177' title='bbox 1254 1139 1336 1170; x_wconf 79' lang='lat' dir='ltr'><strong>alias</strong></span> <span class='ocrx_word' id='word_1_178' title='bbox 1359 1141 1393 1170; x_wconf 84' lang='lat' dir='ltr'><strong>R.</strong></span> 
     </span>
     <span class='ocr_line' id='line_1_20' title="bbox 265 1191 1393 1231; baseline -0.001 -9"><span class='ocrx_word' id='word_1_179' title='bbox 265 1194 350 1223; x_wconf 78' lang='lat' dir='ltr'><strong>addit</strong></span> <span class='ocrx_word' id='word_1_180' title='bbox 372 1194 494 1231; x_wconf 81' lang='lat' dir='ltr'><strong>Parerg.</strong></span> <span class='ocrx_word' id='word_1_181' title='bbox 518 1203 546 1231; x_wconf 90' lang='lat' dir='ltr'><strong>p.</strong></span> <span class='ocrx_word' id='word_1_182' title='bbox 573 1194 643 1222; x_wconf 83' lang='lat'><strong>200.</strong></span> <span class='ocrx_word' id='word_1_183' title='bbox 668 1207 709 1213; x_wconf 90' lang='grc'>-</span> <span class='ocrx_word' id='word_1_184' title='bbox 741 1195 788 1222; x_wconf 93' lang='lat'><strong>10.</strong></span> <span class='ocrx_word' id='word_1_185' title='bbox 822 1191 944 1221; x_wconf 78' lang='lat' dir='ltr'><strong>nummi</strong></span> <span class='ocrx_word' id='word_1_186' title='bbox 966 1191 1050 1221; x_wconf 77' lang='lat' dir='ltr'><strong>noui.</strong></span> <span class='ocrx_word' id='word_1_187' title='bbox 1104 1193 1166 1221; x_wconf 87' lang='lat' dir='ltr'><strong>Hoc</strong></span> <span class='ocrx_word' id='word_1_188' title='bbox 1189 1203 1246 1230; x_wconf 90' lang='lat' dir='ltr'><strong>quo</strong></span> <span class='ocrx_word' id='word_1_189' title='bbox 1271 1197 1393 1231; x_wconf 83' lang='lat' dir='ltr'><strong>spectet,</strong></span> 
     </span>
     <span class='ocr_line' id='line_1_21' title="bbox 264 1244 1394 1282; baseline -0.002 -8"><span class='ocrx_word' id='word_1_190' title='bbox 264 1247 409 1274; x_wconf 88' lang='lat' dir='ltr'><strong>incertum</strong></span> <span class='ocrx_word' id='word_1_191' title='bbox 433 1248 487 1274; x_wconf 84' lang='lat' dir='ltr'><strong>est.</strong></span> <span class='ocrx_word' id='word_1_192' title='bbox 534 1245 646 1273; x_wconf 86' lang='lat' dir='ltr'><strong>Ritsch.</strong></span> <span class='ocrx_word' id='word_1_193' title='bbox 666 1244 787 1282; x_wconf 78' lang='lat' dir='ltr'><strong>Parerg.</strong></span> <span class='ocrx_word' id='word_1_194' title='bbox 811 1254 840 1282; x_wconf 82' lang='lat' dir='ltr'><strong>p.</strong></span> <span class='ocrx_word' id='word_1_195' title='bbox 865 1244 923 1272; x_wconf 83' lang='lat'><strong>190</strong></span> <span class='ocrx_word' id='word_1_196' title='bbox 949 1244 985 1272; x_wconf 78' lang='lat' dir='ltr'><strong>nd</strong></span> <span class='ocrx_word' id='word_1_197' title='bbox 1009 1244 1104 1281; x_wconf 84' lang='lat' dir='ltr'><strong>legem</strong></span> <span class='ocrx_word' id='word_1_198' title='bbox 1124 1244 1274 1281; x_wconf 77' lang='lat' dir='ltr'><strong>Papiriam</strong></span> <span class='ocrx_word' id='word_1_199' title='bbox 1293 1245 1394 1279; x_wconf 74' lang='lat' dir='ltr'><strong>refert,</strong></span> 
     </span>
     <span class='ocr_line' id='line_1_22' title="bbox 266 1295 1393 1334; baseline -0.003 -9"><span class='ocrx_word' id='word_1_200' title='bbox 266 1306 325 1334; x_wconf 77' lang='lat' dir='ltr'><strong>qua</strong></span> <span class='ocrx_word' id='word_1_201' title='bbox 348 1306 427 1325; x_wconf 78' lang='lat' dir='ltr'><strong>asses</strong></span> <span class='ocrx_word' id='word_1_202' title='bbox 450 1296 646 1324; x_wconf 79' lang='lat' dir='ltr'><strong>semunciales</strong></span> <span class='ocrx_word' id='word_1_203' title='bbox 670 1296 741 1324; x_wconf 77' lang='lat' dir='ltr'><strong>facti</strong></span> <span class='ocrx_word' id='word_1_204' title='bbox 764 1299 848 1331; x_wconf 74' lang='lat' dir='ltr'><strong>sunt3</strong></span> <span class='ocrx_word' id='word_1_205' title='bbox 873 1295 924 1324; x_wconf 87' lang='lat' dir='ltr'><strong>sed</strong></span> <span class='ocrx_word' id='word_1_206' title='bbox 949 1295 1009 1323; x_wconf 81' lang='lat' dir='ltr'><strong>haec</strong></span> <span class='ocrx_word' id='word_1_207' title='bbox 1033 1295 1070 1323; x_wconf 81' lang='lat' dir='ltr'><strong>ad</strong></span> <span class='ocrx_word' id='word_1_208' title='bbox 1094 1295 1163 1323; x_wconf 88' lang='lat' dir='ltr'><strong>belli</strong></span> <span class='ocrx_word' id='word_1_209' title='bbox 1182 1295 1298 1324; x_wconf 78' lang='lat' dir='ltr'><strong>socialis</strong></span> <span class='ocrx_word' id='word_1_210' title='bbox 1317 1298 1393 1323; x_wconf 82' lang='lat' dir='ltr'><strong>tem-</strong></span> 
     </span>
     <span class='ocr_line' id='line_1_23' title="bbox 266 1345 1393 1385; baseline -0.002 -9"><span class='ocrx_word' id='word_1_211' title='bbox 266 1357 341 1385; x_wconf 81' lang='lat' dir='ltr'><strong>pora</strong></span> <span class='ocrx_word' id='word_1_212' title='bbox 374 1347 490 1376; x_wconf 91' lang='lat' dir='ltr'><strong>demum</strong></span> <span class='ocrx_word' id='word_1_213' title='bbox 526 1347 681 1375; x_wconf 80' lang='lat' dir='ltr'><strong>referenda</strong></span> <span class='ocrx_word' id='word_1_214' title='bbox 715 1346 850 1381; x_wconf 82' lang='lat' dir='ltr'><strong>videtur,</strong></span> <span class='ocrx_word' id='word_1_215' title='bbox 885 1357 911 1374; x_wconf 89' lang='lat' dir='ltr'><strong>v.</strong></span> <span class='ocrx_word' id='word_1_216' title='bbox 941 1346 1105 1375; x_wconf 80' lang='lat' dir='ltr'><strong>Mommsen</strong></span> <span class='ocrx_word' id='word_1_217' title='bbox 1136 1345 1242 1375; x_wconf 84' lang='lat' dir='ltr'><strong>Gesch.</strong></span> <span class='ocrx_word' id='word_1_218' title='bbox 1267 1346 1295 1375; x_wconf 89' lang='lat' dir='ltr'><strong>d.</strong></span> <span class='ocrx_word' id='word_1_219' title='bbox 1320 1350 1393 1375; x_wconf 74' lang='lat' dir='ltr'><strong>rom.</strong></span> 
     </span>
     <span class='ocr_line' id='line_1_24' title="bbox 265 1397 1394 1435; baseline -0.002 -8"><span class='ocrx_word' id='word_1_220' title='bbox 265 1399 469 1427; x_wconf 77' lang='lat' dir='ltr'><strong>Miinzwesens</strong></span> <span class='ocrx_word' id='word_1_221' title='bbox 492 1408 520 1435; x_wconf 92' lang='lat' dir='ltr'><strong>p.</strong></span> <span class='ocrx_word' id='word_1_222' title='bbox 547 1399 618 1427; x_wconf 88' lang='lat'><strong>338.</strong></span> <span class='ocrx_word' id='word_1_223' title='bbox 668 1397 745 1426; x_wconf 90' lang='lat' dir='ltr'><strong>Num</strong></span> <span class='ocrx_word' id='word_1_224' title='bbox 776 1398 927 1426; x_wconf 80' lang='lat' dir='ltr'><strong>victoriati</strong></span> <span class='ocrx_word' id='word_1_225' title='bbox 957 1398 1176 1434; x_wconf 74' lang='lat' dir='ltr'><strong>significantur,</strong></span> <span class='ocrx_word' id='word_1_226' title='bbox 1206 1399 1257 1434; x_wconf 90' lang='lat' dir='ltr'><strong>qui</strong></span> <span class='ocrx_word' id='word_1_227' title='bbox 1281 1399 1304 1426; x_wconf 90' lang='lat' dir='ltr'><strong>si</strong></span> <span class='ocrx_word' id='word_1_228' title='bbox 1329 1407 1394 1425; x_wconf 90' lang='lat' dir='ltr'><strong>cum</strong></span> 
     </span>
     <span class='ocr_line' id='line_1_25' title="bbox 265 1449 1394 1488; baseline -0.002 -10"><span class='ocrx_word' id='word_1_229' title='bbox 265 1450 450 1488; x_wconf 56' lang='lat' dir='ltr'><strong>quadrigentis</strong></span> <span class='ocrx_word' id='word_1_230' title='bbox 483 1450 545 1478; x_wconf 87' lang='lat' dir='ltr'><strong>sive</strong></span> <span class='ocrx_word' id='word_1_231' title='bbox 579 1449 710 1477; x_wconf 76' lang='lat' dir='ltr'><strong>denariis</strong></span> <span class='ocrx_word' id='word_1_232' title='bbox 745 1452 969 1486; x_wconf 75' lang='lat' dir='ltr'><strong>comparantur,</strong></span> <span class='ocrx_word' id='word_1_233' title='bbox 1011 1451 1118 1486; x_wconf 76' lang='lat' dir='ltr'><strong>quarta</strong></span> <span class='ocrx_word' id='word_1_234' title='bbox 1147 1452 1234 1486; x_wconf 82' lang='lat' dir='ltr'><strong>purte</strong></span> <span class='ocrx_word' id='word_1_235' title='bbox 1269 1449 1394 1477; x_wconf 86' lang='lat' dir='ltr'><strong>leviores</strong></span> 
     </span>
     <span class='ocr_line' id='line_1_26' title="bbox 266 1499 1394 1537; baseline -0.002 -8"><span class='ocrx_word' id='word_1_236' title='bbox 266 1500 356 1530; x_wconf 77' lang='lat' dir='ltr'><strong>sunt?</strong></span> <span class='ocrx_word' id='word_1_237' title='bbox 380 1511 407 1529; x_wconf 86' lang='lat' dir='ltr'><strong>v.</strong></span> <span class='ocrx_word' id='word_1_238' title='bbox 432 1500 507 1528; x_wconf 89' lang='lat' dir='ltr'><strong>Plin.</strong></span> <span class='ocrx_word' id='word_1_239' title='bbox 532 1500 567 1528; x_wconf 92' lang='lat' dir='ltr'><strong>H.</strong></span> <span class='ocrx_word' id='word_1_240' title='bbox 586 1500 621 1528; x_wconf 90' lang='lat' dir='ltr'><strong>N.</strong></span> <span class='ocrx_word' id='word_1_241' title='bbox 641 1499 781 1535; x_wconf 74' lang='lat' dir='ltr'>XXXIII,</span> <span class='ocrx_word' id='word_1_242' title='bbox 805 1500 860 1535; x_wconf 84' lang='grc'><strong>46;</strong></span> <span class='ocrx_word' id='word_1_243' title='bbox 891 1509 1069 1537; x_wconf 80' lang='lat' dir='ltr'><strong>quamquam</strong></span> <span class='ocrx_word' id='word_1_244' title='bbox 1100 1499 1130 1527; x_wconf 86' lang='lat' dir='ltr'><strong>hi</strong></span> <span class='ocrx_word' id='word_1_245' title='bbox 1154 1500 1223 1528; x_wconf 85' lang='lat' dir='ltr'><strong>inde</strong></span> <span class='ocrx_word' id='word_1_246' title='bbox 1248 1499 1285 1528; x_wconf 80' lang='lat' dir='ltr'><strong>ab</strong></span> <span class='ocrx_word' id='word_1_247' title='bbox 1308 1500 1394 1528; x_wconf 86' lang='lat' dir='ltr'><strong>initio</strong></span> 
     </span>
     <span class='ocr_line' id='line_1_27' title="bbox 265 1550 1393 1586; baseline -0.001 -6"><span class='ocrx_word' id='word_1_248' title='bbox 265 1552 336 1580; x_wconf 86' lang='lat' dir='ltr'><strong>belli</strong></span> <span class='ocrx_word' id='word_1_249' title='bbox 361 1552 465 1580; x_wconf 89' lang='lat' dir='ltr'><strong>Punici</strong></span> <span class='ocrx_word' id='word_1_250' title='bbox 494 1552 614 1580; x_wconf 86' lang='lat' dir='ltr'><strong>secundi</strong></span> <span class='ocrx_word' id='word_1_251' title='bbox 644 1552 673 1579; x_wconf 91' lang='lat' dir='ltr'><strong>in</strong></span> <span class='ocrx_word' id='word_1_252' title='bbox 702 1561 757 1580; x_wconf 90' lang='lat' dir='ltr'><strong>usu</strong></span> <span class='ocrx_word' id='word_1_253' title='bbox 785 1551 876 1580; x_wconf 84' lang='lat' dir='ltr'><strong>fuisse</strong></span> <span class='ocrx_word' id='word_1_254' title='bbox 905 1551 1059 1586; x_wconf 89' lang='lat' dir='ltr'><strong>videntur,</strong></span> <span class='ocrx_word' id='word_1_255' title='bbox 1090 1561 1117 1579; x_wconf 88' lang='lat' dir='ltr'><strong>v.</strong></span> <span class='ocrx_word' id='word_1_256' title='bbox 1143 1550 1306 1579; x_wconf 88' lang='lat' dir='ltr'><strong>Mommsen</strong></span> <span class='ocrx_word' id='word_1_257' title='bbox 1330 1550 1349 1578; x_wconf 93' lang='lat' dir='ltr'><strong>l.</strong></span> <span class='ocrx_word' id='word_1_258' title='bbox 1374 1550 1393 1579; x_wconf 91' lang='lat' dir='ltr'><strong>l.</strong></span> 
     </span>
     <span class='ocr_line' id='line_1_28' title="bbox 266 1600 1394 1641; baseline -0.002 -9"><span class='ocrx_word' id='word_1_259' title='bbox 266 1614 295 1641; x_wconf 90' lang='lat' dir='ltr'><strong>p.</strong></span> <span class='ocrx_word' id='word_1_260' title='bbox 322 1604 392 1632; x_wconf 88' lang='lat'><strong>390.</strong></span> <span class='ocrx_word' id='word_1_261' title='bbox 416 1616 455 1621; x_wconf 92' lang='lat'>—</span> <span class='ocrx_word' id='word_1_262' title='bbox 484 1604 531 1631; x_wconf 93' lang='grc'><strong>11.</strong></span> <span class='ocrx_word' id='word_1_263' title='bbox 561 1609 724 1631; x_wconf 73' lang='lat' dir='ltr'><strong>rumorem.</strong></span> <span class='ocrx_word' id='word_1_264' title='bbox 763 1600 918 1637; x_wconf 82' lang='lat' dir='ltr'><strong>„rumo1·e“</strong></span> <span class='ocrx_word' id='word_1_265' title='bbox 945 1602 1053 1630; x_wconf 77' lang='lat' dir='ltr'><strong>Osann.</strong></span> <span class='ocrx_word' id='word_1_266' title='bbox 1079 1601 1174 1639; x_wconf 86' lang='lat' dir='ltr'><strong>Gepp.</strong></span> <span class='ocrx_word' id='word_1_267' title='bbox 1201 1617 1237 1621; x_wconf 96' lang='lat'><strong>—</strong></span> <span class='ocrx_word' id='word_1_268' title='bbox 1266 1603 1314 1631; x_wconf 84' lang='lat'><strong>12.</strong></span> <span class='ocrx_word' id='word_1_269' title='bbox 1338 1608 1394 1630; x_wconf 79' lang='lat' dir='ltr'><strong>uos</strong></span> 
     </span>
     <span class='ocr_line' id='line_1_29' title="bbox 266 1652 1392 1692; baseline -0.001 -10"><span class='ocrx_word' id='word_1_270' title='bbox 266 1655 296 1682; x_wconf 91' lang='lat' dir='ltr'><strong>in</strong></span> <span class='ocrx_word' id='word_1_271' title='bbox 320 1654 343 1682; x_wconf 88' lang='grc' dir='ltr'>Β</span> <span class='ocrx_word' id='word_1_272' title='bbox 366 1657 472 1692; x_wconf 77' lang='lat' dir='ltr'><strong>postea</strong></span> <span class='ocrx_word' id='word_1_273' title='bbox 495 1653 639 1682; x_wconf 87' lang='lat' dir='ltr'><strong>additum.</strong></span> <span class='ocrx_word' id='word_1_274' title='bbox 662 1667 703 1672; x_wconf 88' lang='lat'><strong>--</strong></span> <span class='ocrx_word' id='word_1_275' title='bbox 731 1654 778 1682; x_wconf 88' lang='grc'><strong>13.</strong></span> <span class='ocrx_word' id='word_1_276' title='bbox 806 1653 986 1690; x_wconf 81' lang='lat' dir='ltr'><strong>„Antiquam</strong></span> <span class='ocrx_word' id='word_1_277' title='bbox 1010 1652 1158 1690; x_wconf 77' lang='lat' dir='ltr'><strong>aliquam“</strong></span> <span class='ocrx_word' id='word_1_278' title='bbox 1186 1653 1297 1690; x_wconf 79' lang='lat' dir='ltr'><strong>Haupt.</strong></span> <span class='ocrx_word' id='word_1_279' title='bbox 1316 1652 1392 1681; x_wconf 74' lang='lat' dir='ltr'><strong>Mus.</strong></span> 
     </span>
     <span class='ocr_line' id='line_1_30' title="bbox 266 1700 1392 1742; baseline 0 -10"><span class='ocrx_word' id='word_1_280' title='bbox 266 1704 359 1733; x_wconf 88' lang='lat' dir='ltr'><strong>Rhen.</strong></span> <span class='ocrx_word' id='word_1_281' title='bbox 383 1704 396 1732; x_wconf 96' lang='lat'>1</span> <span class='ocrx_word' id='word_1_282' title='bbox 420 1715 447 1742; x_wconf 89' lang='lat' dir='ltr'><strong>p.</strong></span> <span class='ocrx_word' id='word_1_283' title='bbox 473 1705 534 1732; x_wconf 80' lang='lat'><strong>468</strong></span> <span class='ocrx_word' id='word_1_284' title='bbox 559 1708 588 1732; x_wconf 87' lang='lat' dir='ltr'><strong>et</strong></span> <span class='ocrx_word' id='word_1_285' title='bbox 612 1704 646 1732; x_wconf 89' lang='lat' dir='ltr'><strong>R.</strong></span> <span class='ocrx_word' id='word_1_286' title='bbox 695 1703 796 1739; x_wconf 79' lang='lat' dir='ltr'><strong>„Hunc</strong></span> <span class='ocrx_word' id='word_1_287' title='bbox 821 1703 991 1741; x_wconf 76' lang='lat' dir='ltr'><strong>antiquam“</strong></span> <span class='ocrx_word' id='word_1_288' title='bbox 1019 1703 1112 1742; x_wconf 82' lang='lat' dir='ltr'><strong>Gepp.</strong></span> <span class='ocrx_word' id='word_1_289' title='bbox 1143 1718 1184 1723; x_wconf 90' lang='lat'><strong>—</strong></span> <span class='ocrx_word' id='word_1_290' title='bbox 1214 1700 1297 1739; x_wconf 76' lang='lat' dir='ltr'><strong>eius,</strong></span> <span class='ocrx_word' id='word_1_291' title='bbox 1322 1704 1340 1732; x_wconf 90' lang='lat' dir='ltr'><strong>i.</strong></span> <span class='ocrx_word' id='word_1_292' title='bbox 1367 1713 1392 1732; x_wconf 86' lang='lat' dir='ltr'><strong>e.</strong></span> 
     </span>
     <span class='ocr_line' id='line_1_31' title="bbox 267 1753 1392 1793; baseline 0 -9"><span class='ocrx_word' id='word_1_293' title='bbox 267 1755 382 1790; x_wconf 78' lang='lat' dir='ltr'><strong>Plauti,</strong></span> <span class='ocrx_word' id='word_1_294' title='bbox 417 1755 496 1793; x_wconf 89' lang='lat' dir='ltr'><strong>quod</strong></span> <span class='ocrx_word' id='word_1_295' title='bbox 520 1765 556 1784; x_wconf 83' lang='lat' dir='ltr'><strong>ex</strong></span> <span class='ocrx_word' id='word_1_296' title='bbox 581 1753 770 1790; x_wconf 72' lang='lat' dir='ltr'><strong>„Plautinas“</strong></span> <span class='ocrx_word' id='word_1_297' title='bbox 797 1755 932 1790; x_wconf 78' lang='lat' dir='ltr'><strong>auditur,</strong></span> <span class='ocrx_word' id='word_1_298' title='bbox 966 1765 993 1783; x_wconf 89' lang='lat' dir='ltr'><strong>v.</strong></span> <span class='ocrx_word' id='word_1_299' title='bbox 1019 1755 1055 1783; x_wconf 81' lang='lat' dir='ltr'><strong>ad</strong></span> <span class='ocrx_word' id='word_1_300' title='bbox 1078 1754 1142 1783; x_wconf 83' lang='lat' dir='ltr'><strong>Mil.</strong></span> <span class='ocrx_word' id='word_1_301' title='bbox 1171 1756 1239 1783; x_wconf 89' lang='lat'><strong>187.</strong></span> <span class='ocrx_word' id='word_1_302' title='bbox 1272 1769 1308 1774; x_wconf 89' lang='lat'>—</span> <span class='ocrx_word' id='word_1_303' title='bbox 1344 1756 1392 1784; x_wconf 89' lang='lat'><strong>15.</strong></span> 
     </span>
     <span class='ocr_line' id='line_1_32' title="bbox 266 1803 1391 1845; baseline -0.002 -10"><span class='ocrx_word' id='word_1_304' title='bbox 266 1805 343 1845; x_wconf 78' lang='lat' dir='ltr'><strong>scio,</strong></span> <span class='ocrx_word' id='word_1_305' title='bbox 367 1807 403 1835; x_wconf 79' lang='lat' dir='ltr'><strong>cf.</strong></span> <span class='ocrx_word' id='word_1_306' title='bbox 427 1806 465 1834; x_wconf 79' lang='lat' dir='ltr'><strong>nd</strong></span> <span class='ocrx_word' id='word_1_307' title='bbox 488 1805 594 1844; x_wconf 83' lang='lat' dir='ltr'><strong>Amph.</strong></span> <span class='ocrx_word' id='word_1_308' title='bbox 619 1806 691 1835; x_wconf 83' lang='lat'><strong>433.</strong></span> <span class='ocrx_word' id='word_1_309' title='bbox 716 1820 757 1825; x_wconf 90' lang='lat'><strong>——</strong></span> <span class='ocrx_word' id='word_1_310' title='bbox 788 1806 835 1834; x_wconf 79' lang='lat'><strong>18.</strong></span> <span class='ocrx_word' id='word_1_311' title='bbox 867 1803 928 1842; x_wconf 75' lang='lat' dir='ltr'><strong>flos</strong></span> <span class='ocrx_word' id='word_1_312' title='bbox 947 1805 1120 1843; x_wconf 78' lang='lat' dir='ltr'><strong>poetarum,</strong></span> <span class='ocrx_word' id='word_1_313' title='bbox 1152 1806 1239 1843; x_wconf 81' lang='lat' dir='ltr'><strong>copia</strong></span> <span class='ocrx_word' id='word_1_314' title='bbox 1262 1805 1391 1843; x_wconf 85' lang='lat' dir='ltr'><strong>optimo-</strong></span> 
     </span>
     <span class='ocr_line' id='line_1_33' title="bbox 266 1852 1390 1895; baseline -0.002 -9"><span class='ocrx_word' id='word_1_315' title='bbox 266 1868 330 1886; x_wconf 89' lang='lat' dir='ltr'><strong>rum</strong></span> <span class='ocrx_word' id='word_1_316' title='bbox 354 1861 518 1895; x_wconf 72' lang='lat' dir='ltr'><strong>poetarum,</strong></span> <span class='ocrx_word' id='word_1_317' title='bbox 544 1856 655 1885; x_wconf 88' lang='lat' dir='ltr'><strong>Ennius</strong></span> <span class='ocrx_word' id='word_1_318' title='bbox 679 1856 814 1885; x_wconf 83' lang='lat' dir='ltr'><strong>Caecilius</strong></span> <span class='ocrx_word' id='word_1_319' title='bbox 838 1857 958 1894; x_wconf 78' lang='lat' dir='ltr'><strong>aliique.</strong></span> <span class='ocrx_word' id='word_1_320' title='bbox 978 1871 1019 1876; x_wconf 92' lang='lat'>—</span> <span class='ocrx_word' id='word_1_321' title='bbox 1037 1857 1086 1886; x_wconf 81' lang='lat'><strong>20.</strong></span> <span class='ocrx_word' id='word_1_322' title='bbox 1111 1857 1214 1885; x_wconf 77' lang='lat' dir='ltr'><strong>tamen</strong></span> <span class='ocrx_word' id='word_1_323' title='bbox 1237 1852 1390 1891; x_wconf 69' lang='lat' dir='ltr'><strong>absentes,</strong></span> 
     </span>
     <span class='ocr_line' id='line_1_34' title="bbox 267 1906 1393 1946; baseline -0.001 -9"><span class='ocrx_word' id='word_1_324' title='bbox 267 1909 302 1937; x_wconf 78' lang='lat' dir='ltr'><strong>ct.</strong></span> <span class='ocrx_word' id='word_1_325' title='bbox 317 1909 353 1937; x_wconf 81' lang='lat' dir='ltr'><strong>ad</strong></span> <span class='ocrx_word' id='word_1_326' title='bbox 366 1908 473 1946; x_wconf 89' lang='lat' dir='ltr'><strong>Amph.</strong></span> <span class='ocrx_word' id='word_1_327' title='bbox 490 1909 560 1937; x_wconf 86' lang='lat'><strong>538.</strong></span> <span class='ocrx_word' id='word_1_328' title='bbox 606 1907 715 1936; x_wconf 86' lang='lat' dir='ltr'><strong>Versus</strong></span> <span class='ocrx_word' id='word_1_329' title='bbox 739 1917 828 1936; x_wconf 79' lang='lat' dir='ltr'><strong>causa</strong></span> <span class='ocrx_word' id='word_1_330' title='bbox 852 1909 1052 1945; x_wconf 79' lang='lat' dir='ltr'><strong>antiquiores:</strong></span> <span class='ocrx_word' id='word_1_331' title='bbox 1079 1908 1238 1943; x_wconf 79' lang='lat' dir='ltr'><strong>„absentes</strong></span> <span class='ocrx_word' id='word_1_332' title='bbox 1258 1906 1393 1943; x_wconf 79' lang='lat' dir='ltr'><strong>tamen“;</strong></span> 
     </span>
     <span class='ocr_line' id='line_1_35' title="bbox 267 1956 1392 1997; baseline -0.002 -9"><span class='ocrx_word' id='word_1_333' title='bbox 267 1959 301 1988; x_wconf 89' lang='lat' dir='ltr'><strong>R.</strong></span> <span class='ocrx_word' id='word_1_334' title='bbox 334 1959 400 1994; x_wconf 87' lang='lat' dir='ltr'><strong>„bic</strong></span> <span class='ocrx_word' id='word_1_335' title='bbox 434 1958 675 1996; x_wconf 81' lang='lat' dir='ltr'><strong>praesentibus“;</strong></span> <span class='ocrx_word' id='word_1_336' title='bbox 717 1959 814 1988; x_wconf 87' lang='lat' dir='ltr'><strong>Loew.</strong></span> <span class='ocrx_word' id='word_1_337' title='bbox 845 1959 931 1988; x_wconf 81' lang='lat' dir='ltr'><strong>Anal.</strong></span> <span class='ocrx_word' id='word_1_338' title='bbox 964 1969 992 1997; x_wconf 92' lang='lat' dir='ltr'><strong>p.</strong></span> <span class='ocrx_word' id='word_1_339' title='bbox 1025 1960 1099 1988; x_wconf 82' lang='lat'>502:</span> <span class='ocrx_word' id='word_1_340' title='bbox 1146 1958 1258 1996; x_wconf 84' lang='lat' dir='ltr'><strong>„prode</strong></span> <span class='ocrx_word' id='word_1_341' title='bbox 1291 1956 1392 1986; x_wconf 85' lang='lat' dir='ltr'><strong>sunt“.</strong></span> 
     </span>
     <span class='ocr_line' id='line_1_36' title="bbox 267 2009 1393 2048; baseline 0 -10"><span class='ocrx_word' id='word_1_342' title='bbox 267 2009 414 2048; x_wconf 87' lang='lat' dir='ltr'><strong>Geppert:</strong></span> <span class='ocrx_word' id='word_1_343' title='bbox 441 2013 489 2045; x_wconf 80' lang='lat' dir='ltr'><strong>„et</strong></span> <span class='ocrx_word' id='word_1_344' title='bbox 513 2009 752 2048; x_wconf 74' lang='lat' dir='ltr'><strong>praesentibus“.</strong></span> <span class='ocrx_word' id='word_1_345' title='bbox 798 2009 886 2046; x_wconf 79' lang='lat' dir='ltr'><strong>Seyff.</strong></span> <span class='ocrx_word' id='word_1_346' title='bbox 907 2009 1012 2039; x_wconf 85' lang='lat' dir='ltr'><strong>Philol.</strong></span> <span class='ocrx_word' id='word_1_347' title='bbox 1031 2009 1144 2038; x_wconf 88' lang='lat' dir='ltr'>XXVII</span> <span class='ocrx_word' id='word_1_348' title='bbox 1167 2019 1196 2047; x_wconf 88' lang='lat' dir='ltr'><strong>p.</strong></span> <span class='ocrx_word' id='word_1_349' title='bbox 1215 2009 1292 2038; x_wconf 83' lang='lat'>443:</span> <span class='ocrx_word' id='word_1_350' title='bbox 1318 2019 1393 2047; x_wconf 84' lang='lat' dir='ltr'><strong>„pro</strong></span> 
     </span>
     <span class='ocr_line' id='line_1_37' title="bbox 266 2058 1395 2099; baseline 0 -10"><span class='ocrx_word' id='word_1_351' title='bbox 266 2059 504 2099; x_wconf 79' lang='lat' dir='ltr'><strong>praesentibus“.</strong></span> <span class='ocrx_word' id='word_1_352' title='bbox 534 2061 600 2090; x_wconf 87' lang='lat' dir='ltr'><strong>coll.</strong></span> <span class='ocrx_word' id='word_1_353' title='bbox 624 2061 702 2089; x_wconf 87' lang='lat' dir='ltr'><strong>Men.</strong></span> <span class='ocrx_word' id='word_1_354' title='bbox 729 2061 798 2089; x_wconf 81' lang='lat'><strong>296.</strong></span> <span class='ocrx_word' id='word_1_355' title='bbox 824 2061 894 2090; x_wconf 80' lang='lat'><strong>926.</strong></span> <span class='ocrx_word' id='word_1_356' title='bbox 946 2060 1010 2089; x_wconf 85' lang='lat' dir='ltr'><strong>Ter.</strong></span> <span class='ocrx_word' id='word_1_357' title='bbox 1034 2061 1089 2089; x_wconf 78' lang='lat' dir='ltr'><strong>Ad.</strong></span> <span class='ocrx_word' id='word_1_358' title='bbox 1115 2061 1164 2089; x_wconf 82' lang='lat'><strong>48.</strong></span> <span class='ocrx_word' id='word_1_359' title='bbox 1197 2074 1233 2079; x_wconf 91' lang='lat'>—</span> <span class='ocrx_word' id='word_1_360' title='bbox 1271 2060 1321 2088; x_wconf 78' lang='lat'><strong>22.</strong></span> <span class='ocrx_word' id='word_1_361' title='bbox 1352 2058 1395 2089; x_wconf 77' lang='lat' dir='ltr'><strong>ad</strong></span> 
     </span>
     <span class='ocr_line' id='line_1_38' title="bbox 265 2110 1392 2149; baseline -0.002 -9"><span class='ocrx_word' id='word_1_362' title='bbox 265 2112 408 2140; x_wconf 78' lang='lat' dir='ltr'><strong>nostrum</strong></span> <span class='ocrx_word' id='word_1_363' title='bbox 420 2119 552 2149; x_wconf 71' lang='lat' dir='ltr'><strong>yreyem,</strong></span> <span class='ocrx_word' id='word_1_364' title='bbox 574 2115 676 2140; x_wconf 78' lang='lat' dir='ltr'><strong>nostro</strong></span> <span class='ocrx_word' id='word_1_365' title='bbox 688 2113 782 2149; x_wconf 83' lang='lat' dir='ltr'><strong>gregi,</strong></span> <span class='ocrx_word' id='word_1_366' title='bbox 802 2111 836 2140; x_wconf 83' lang='lat' dir='ltr'><strong>cf.</strong></span> <span class='ocrx_word' id='word_1_367' title='bbox 851 2111 888 2140; x_wconf 80' lang='lat' dir='ltr'><strong>nd</strong></span> <span class='ocrx_word' id='word_1_368' title='bbox 902 2111 966 2141; x_wconf 87' lang='lat' dir='ltr'><strong>Mil.</strong></span> <span class='ocrx_word' id='word_1_369' title='bbox 984 2112 1030 2141; x_wconf 83' lang='lat'><strong>12.</strong></span> <span class='ocrx_word' id='word_1_370' title='bbox 1057 2113 1126 2140; x_wconf 81' lang='lat'><strong>801.</strong></span> <span class='ocrx_word' id='word_1_371' title='bbox 1143 2126 1179 2131; x_wconf 88' lang='lat'>—</span> <span class='ocrx_word' id='word_1_372' title='bbox 1199 2111 1249 2139; x_wconf 80' lang='lat'><strong>23.</strong></span> <span class='ocrx_word' id='word_1_373' title='bbox 1273 2110 1392 2148; x_wconf 85' lang='lat' dir='ltr'><strong>Duplex</strong></span> 
     </span>
    </p>
   </div>
   <div class='ocr_carea' id='block_1_3' title="bbox 1534 0 1596 2478">
    <p class='ocr_par' dir='ltr' id='par_1_3' title="bbox 1534 0 1596 2478">
     <span class='ocr_line' id='line_1_39' title="bbox 1534 0 1596 2478; baseline 0 0"><span class='ocrx_word' id='word_1_374' title='bbox 1534 0 1596 2478; x_wconf 95' lang='lat' dir='ltr'><strong> </strong></span> 
     </span>
    </p>
   </div>
  </div>
 </body>
</html>
