1596 2478
614 175 644 201 V.
665 177 809 202 771—809.
1213 182 1271 209 163

147 275 177 300 et.
200 272 233 300 B.
279 271 322 300 Cf.
341 271 460 300 Trucul.
481 272 558 301 650:
587 273 660 306 „hoc
683 273 744 301 ictu
768 283 911 311 exponam
936 277 1025 312 atque
1049 276 1143 303 omnis
1167 276 1270 304 eiciam

147 321 257 351 soras“.
304 322 346 350 De
378 322 460 356 „me“
493 324 603 352 omisso
632 333 658 352 v.
689 324 726 352 ad
749 324 829 352 Asin.
862 326 932 353 392.
967 340 1007 344 —-
1043 327 1113 354 796.
1148 323 1172 354 Ι
1199 324 1272 355 belle

147 370 302 402 belliatula
325 373 458 402 Studem.
483 384 518 402 ex
542 375 582 404 A.
613 375 664 403 ubi
695 377 792 403 tamen
822 376 929 404 litterae
952 376 1018 405 IAT
1046 387 1151 414 parum
1182 381 1271 406 certae

147 425 339 459 videlmntur;
376 435 408 453 nc
443 435 514 453 sane
545 426 639 454 forma
667 427 743 454 mira
772 428 853 454 vocis
883 430 938 455 est.
995 428 1131 455 Ceterum
1167 429 1202 457 cf.
1234 429 1271 456 ml

146 477 228 504 Asin.
254 477 324 504 600.

233 622 303 649 797.
328 620 445 649 Excunt
469 622 607 650 mulieres
631 626 759 650 comesta
788 633 859 651 cena
888 623 1029 660 nuptiali,
1061 628 1094 652 ut
1118 635 1216 654 senem
1241 629 1271 654 et

145 673 262 700 vilicum
288 671 416 700 ludibrio
439 672 557 701 habitos
581 673 706 702 rideant.
752 673 916 708 Canticum,
941 675 1020 711 quod
1044 675 1106 703 cod.
1122 676 1145 704 E
1168 677 1271 705 addita

145 724 166 751 C
200 724 301 751 littera
335 724 440 760 signat,
475 734 492 751 a
526 725 710 752 tetrametris
742 725 906 752 bacchiacis
939 726 1055 763 incipit,
1092 727 1270 762 797—806,

145 774 251 812 quibus
280 773 402 802 additur
427 776 487 803 807
517 775 648 803 clausula
677 786 712 803 ex
742 776 852 804 cretico
881 776 1009 804 dimetro
1044 779 1073 804 et
1106 778 1271 815 penthemi-

144 838 222 856 mere
241 828 392 856 trochaico
411 829 558 855 constans.
606 827 665 854 808
690 829 863 855 tetrameter
882 828 1016 855 creticus.
1065 830 1124 856 809
1144 828 1270 857 dimeter

145 879 286 907 iambicus
306 889 370 906 cum
384 878 619 915 penthemimere
631 877 790 906 trochaico.
837 879 898 906 810
923 879 1049 907 dimeter
1062 881 1268 916 anapaesticus.

145 932 202 959 811
229 930 394 958 trochaicus
418 930 553 957 trimeter
576 929 778 957 catalecticus.
831 931 891 957 812
915 930 974 957 duo
998 930 1111 958 bacchii
1135 941 1199 959 cum
1224 931 1268 958 di-

143 984 237 1010 metro
262 981 396 1010 iambico.

229 1034 288 1061 797
313 1043 377 1070 sqq.
403 1031 466 1059 cod.
491 1031 504 1059 I
527 1032 642 1060 ancillae
666 1031 726 1066 dat,
752 1032 892 1070 Geppert.
912 1042 949 1060 ex
972 1033 1061 1061 titulo
1086 1033 1270 1071 palimpsesti

142 1085 326 1113 Cleostratae.
352 1083 476 1112 Bothius
500 1086 578 1111 recte
602 1082 773 1119 Myrrhinae.
796 1098 838 1102 —
868 1085 938 1111 797.
966 1084 1040 1117 „huc
1064 1084 1095 1111 in
1118 1083 1184 1112 uia“
1211 1095 1269 1112 non

143 1138 324 1172 congruuut3
349 1135 436 1163 Both.
465 1132 548 1168 „hic“
575 1135 702 1172 scripsit,
728 1144 782 1171 ego
800 1131 835 1161 in
852 1132 947 1162 uiam.
968 1150 1008 1153 —
1027 1136 1098 1163 799.
1124 1132 1268 1173 (alaeque,

142 1188 177 1216 cf.
192 1187 321 1224 Langen.
336 1186 426 1214 Beitr.
440 1195 468 1223 p.
484 1186 532 1213 21.
554 1200 594 1204 -
615 1185 685 1213 800.
709 1182 764 1213 laroc
788 1182 871 1222 quod
886 1182 1040 1222 reliq-amn
1058 1186 1111 1222 est,
1136 1196 1176 1215 sc.
1190 1188 1268 1216 vitae.

141 1239 184 1267 De
218 1237 441 1276 quadrisyllabo
475 1237 613 1265 adiectivi
649 1246 786 1264 mensura
821 1246 847 1264 v·
878 1237 915 1264 ad
938 1237 1021 1265 Asin.
1048 1238 1118 1266 231.
1171 1237 1265 1276 Gepp.

144 1290 316 1324 „1-elictum“
351 1289 395 1316 ed.
431 1303 471 1307 ——
508 1289 578 1316 801.
614 1287 755 1315 Priscian.
781 1287 850 1315 VIII
879 1298 907 1325 p.
934 1289 1008 1317 789:
1049 1289 1267 1326 „antiquissimi

141 1342 228 1369 etiam
252 1341 348 1368 activa
371 1339 585 1377 significatione
616 1339 714 1374 „nubo
738 1338 784 1366 te“
811 1338 958 1373 (licebant,
988 1339 1066 1367 unde
1089 1340 1214 1368 Plautus
1237 1341 1266 1368 in

140 1392 261 1420 Casina:
299 1391 404 1427 „Libet
430 1391 592 1419 Charinum
622 1390 693 1428 quid
723 1392 791 1427 ngat
819 1390 895 1418 scire
924 1400 1032 1418 novum
1062 1390 1204 1427 nuptum⁴⁴
1237 1394 1267 1419 et

140 1454 167 1481 p.
195 1444 269 1470 78:52
307 1442 450 1474 ..Plautus
474 1443 503 1469 in
527 1442 648 1470 Casina:
686 1441 984 1479 Libet...nuptu1n‚
1014 1451 1069 1479 pro
1093 1440 1264 1470 maritum“.

140 1495 230 1522 Immo
254 1503 308 1531 pro
331 1497 470 1531 nuptam,
500 1493 551 1521 sed
577 1493 752 1527 masculine,
788 1493 857 1528 quia
880 1492 1020 1520 Chalinus
1044 1496 1098 1521 est.
1155 1493 1264 1521 Verum

139 1545 186 1574 hic
208 1555 312 1573 versus
335 1544 389 1572 hoc
413 1544 532 1582 quidem
559 1544 622 1572 loco
646 1544 717 1571 ferri
742 1554 800 1571 non
824 1546 933 1580 potest.
989 1544 1114 1572 Bothius
1144 1547 1214 1582 post
1236 1555 1262 1572 v.

139 1597 198 1625 798
212 1597 321 1634 posuit,
348 1596 440 1624 nihilo
459 1596 565 1633 aptius.
612 1595 641 1623 Si
661 1596 808 1631 genuinus
827 1597 882 1629 est,
907 1597 975 1632 post
995 1595 1053 1623 803
1073 1597 1145 1632 poni
1165 1595 1262 1624 debet.

137 1663 178 1666 —
203 1648 273 1676 803.
298 1648 397 1685 atque,
424 1659 450 1675 v.
465 1646 501 1675 ad
516 1647 622 1683 Amph.
637 1648 707 1674 270.
727 1661 765 1665 ——
785 1642 882 1681 fabre,
906 1656 932 1674 v.
958 1646 994 1674 ad
1019 1646 1111 1675 Stich.
1138 1648 1262 1675 572.—

139 1699 209 1727 804.
243 1695 389 1734 Obmnso,
414 1699 530 1735 pugnis,
555 1700 589 1726 ut
612 1698 718 1735 Amph.
735 1698 805 1726 600.
829 1712 872 1715 —
895 1698 966 1726 806.
991 1697 1062 1726 Posi
1086 1695 1136 1726 Ne
1153 1697 1261 1727 hiatus.

137 1749 231 1787 Gepp.
248 1749 341 1786 „Nam
354 1750 406 1777 ne⁴⁶
423 1750 552 1786 scripsit,
567 1749 702 1777 Mueller.
718 1749 801 1777 Pros.
815 1760 843 1786 p.
859 1749 918 1776 748
945 1748 1056 1784 ‚‚Neo“.
1082 1763 1118 1768 —
1144 1746 1262 1778 arbitro

136 1801 233 1835 Both„
259 1802 294 1829 cf.
310 1801 346 1828 ad
360 1801 446 1838 Epid.
462 1802 533 1828 268.
554 1815 595 1818 —
619 1801 689 1828 807.
713 1801 792 1828 Ante
816 1796 910 1827 Nemo
933 1801 962 1827 in
984 1800 1008 1828 Β
1026 1802 1153 1837 spatium
1177 1803 1263 1829 vacat

135 1854 210 1880 notae
229 1862 362 1889 personae
376 1852 565 1886 destinatum,
579 1861 667 1888 quam
681 1851 792 1879 addidi.
805 1866 847 1871 -—-—
859 1849 1046 1888 praesidem,
1066 1852 1097 1878 in
1109 1851 1259 1888 praesidio,

136 1902 300 1938 custodem,
331 1913 357 1930 v.
383 1903 420 1931 ad
445 1903 519 1931 Rud.
548 1903 637 1931 1038.
668 1917 708 1921 —-
740 1903 800 1930 808
825 1912 868 1940 sq.
901 1903 957 1930 Per
985 1905 1128 1939 quattuor
1157 1912 1260 1930 versus

136 1954 304 1982 membrana
328 1954 481 1992 archetypi
505 1953 602 1981 labem
626 1955 831 1988 contraxerat,
861 1953 938 1981 uude
963 1955 992 1981 in
1016 1953 1101 1982 codd.
1124 1954 1155 1981 in
1178 1954 1258 1991 priu-

135 2005 220 2042 cipiis
243 2015 381 2033 versuum
405 2006 503 2042 spatia
526 2006 643 2039 vacant,
667 2005 762 2032 maius
786 2005 815 2032 in
839 2005 945 2042 primo,
968 2005 1065 2032 minus
1088 2005 1118 2032 in
1142 2005 1257 2032 ceteris.

135 2056 174 2084 Et
196 2057 226 2084 in
250 2057 356 2084 ceteris
380 2057 498 2093 quidem
522 2055 595 2084 nihil
619 2055 821 2091 desideratum
856 2056 886 2083 in
915 2056 1010 2093 primo
1037 2055 1180 2084 excidisse
1204 2055 1258 2084 ali-

135 2107 205 2144 quid
229 2110 362 2145 apparet,
395 2107 444 2135 ubi
470 2105 512 2136 TV
536 2103 602 2134 ὶιθῘΟ
625 2107 769 2144 supplevi.
799 2121 840 2126 —
871 2107 941 2135 809.
973 2103 1075 2134 SOIL’HS
1098 2118 1124 2135 V.
1149 2106 1256 2144 Amph.

1006 2162 1052 2188 ll*
