1596 2478
145 172 198 205 111,
218 173 241 205 3,
261 173 352 206 40—-4,
373 175 388 199 5
654 171 794 205 Epidicus.
1231 171 1269 200 37

578 265 828 306 Periphanes

858 318 959 350 Immo
983 317 1072 350 haud
1095 317 1199 349 decet.
1219 325 1271 351 420

591 372 821 413 Apoecides

148 428 209 458 Res
233 438 351 467 magna
374 427 472 459 amici
495 426 582 467 apud
606 426 712 458 forum
736 426 858 466 agitur3
883 427 911 457 ci
935 425 1010 457 uolo

147 481 198 513 Ire
222 481 412 513 aduocatus.

579 533 829 574 Periphanes

459 589 510 627 At,
533 598 664 629 quaeso,
689 587 745 619 ubi
769 587 832 619 erit
855 588 968 625 otium,

148 643 326 675 Reum-tere
350 643 392 674 ad
415 653 466 674 me
490 642 662 683 extemplo.

597 694 821 735 Apoecides

708 748 870 780 Continuo
895 748 948 780 hic
971 759 1036 780 ero.

581 802 834 844 Periphanes

148 859 236 890 Nihil
260 859 382 890 homini
406 858 510 889 amico
535 861 584 888 est
607 861 792 897 opportuno
817 857 1001 897 antiquius3

148 913 223 945 Sine
248 917 304 944 tuo
329 912 449 949 labore,
476 911 564 952 quod
589 911 678 945 uelis,
703 915 813 942 actum
837 915 887 942 est
911 914 1026 941 tamen,
1222 918 1273 942 425

148 967 216 1007 Ego
241 967 268 998 si
292 966 494 1006 adlegassem
520 965 661 1006 aliquem
686 964 726 996 ad
752 964 814 996 hoc
838 965 1006 1004 negotium

147 1021 319 1052 Hominem
344 1020 450 1051 minus
475 1019 605 1050 doctum
631 1019 802 1058 minusque
826 1017 865 1049 ad
891 1017 975 1048 hauc
998 1028 1066 1048 rem
1090 1017 1252 1055 callidum,

149 1076 192 1106 Os
216 1074 373 1106 sublitum
397 1077 485 1105 esset
509 1073 560 1112 mi,
586 1078 685 1113 atque
711 1082 760 1103 me
784 1072 867 1103 albis
892 1071 1044 1104 dentibus

149 1129 241 1160 Meus
265 1127 431 1160 derideret
452 1127 538 1159 filius
563 1127 793 1158 meritissumo.

150 1183 212 1215 Sed
238 1183 311 1224 quis
335 1182 402 1214 illic
426 1186 487 1220 est,
512 1192 608 1223 quein
632 1181 695 1212 huc
718 1180 947 1212 aduenientem
972 1179 1151 1219 conspicor,
1224 1187 1275 1212 430

149 1238 248 1269 Suam
272 1238 328 1278 qui
352 1237 532 1268 undantem
557 1235 760 1276 chlamydem
785 1234 974 1275 quassando
999 1234 1100 1264 facit?

368 1392 499 1425 MILES
545 1392 701 1424 PERIPH
708 1391 760 1423 AN
766 1391 816 1422 Es
862 1389 1061 1422 FIDICINA.

654 1477 772 1508 Miles

151 1533 239 1565 Cane
263 1532 485 1574 praeterbitas
510 1532 594 1563 ullas
617 1531 718 1569 aedis,
743 1531 821 1571 quin
845 1540 951 1570 roges.

150 1588 254 1620 Senex
278 1587 335 1618 ubi
360 1586 488 1618 habitat
510 1586 708 1627 Periphanes
734 1584 934 1616 Plothenius.

151 1642 300 1673 Incertus
324 1645 416 1673 tuum
442 1651 524 1672 caue
547 1640 590 1672 ad
615 1650 665 1671 ine
688 1639 855 1671 rettuleris
880 1638 1005 1678 pedem.

584 1699 839 1740 Periphanes

151 1755 361 1793 Adulescens,
385 1755 412 1785 si
435 1755 542 1785 istunc
565 1753 740 1791 hominem,
765 1763 861 1794 quem
885 1756 921 1783 tu
946 1752 1123 1792 quaeritas,
1230 1759 1280 1784 435

152 1810 225 1842 Tibi
249 1812 522 1847 conmonstrasso,
547 1818 683 1849 ecquam
709 1807 767 1838 abs
791 1810 823 1838 te
848 1806 937 1838 inibo
961 1805 1124 1846 gratiam?

221 1939 272 1964 420
290 1938 377 1963 Immo
397 1939 453 1962 stat
472 1935 554 1963 decet
615 1936 664 1961 421
686 1943 747 1961 eum
768 1934 832 1960 uolo
895 1934 945 1958 424
965 1932 1100 1958 amititius
1161 1931 1281 1957 426—29

154 1982 240 2008 tribus
258 1981 380 2007 versibus
433 1980 483 2005 426
503 1979 668 2012 adligassem
723 1978 774 2004 427
792 1977 883 2002 minus
902 1976 1044 2002 hominem
1061 1974 1149 2007 Quam
1165 1974 1280 2000 doctum

154 2026 204 2050 428
224 2026 298 2050 esset
317 2024 412 2056 itaque
501 2023 551 2047 429
571 2021 681 2047 deridet
774 2020 858 2046 Hanc
877 2028 900 2046 v.
921 2022 1071 2052 seqmmtm·
1088 2026 1127 2044 vv.
1147 2017 1279 2043 451-54,

153 2069 204 2093 430
223 2067 285 2100 quis
304 2066 349 2091 hic
369 2068 412 2091 ost
466 2064 580 2090 MILES
601 2063 721 2090 SENEX
742 2061 976 2089 PERIPHANES
1036 2062 1155 2086 432—34
1173 2059 1280 2085 duobus

153 2110 273 2136 versibus
343 2110 393 2134 433
412 2108 552 2141 platenius
623 2107 673 2133 436
692 2109 954 2132 coxnmuustrauero
