1596 2478
315 137 376 168 354
782 136 961 163 Mostellaria.

313 236 463 264 contraria
496 238 555 263 est:
590 243 655 272 quae
688 234 750 263 illic
778 236 1002 273 vituperantur,
1037 234 1084 263 hic
1118 234 1326 263 defenduntur.
1379 233 1436 263 Eat

313 287 405 323 igitur
427 287 581 324 responsio
605 286 728 314 alterius
751 296 893 323 personae,
917 290 947 314 et
961 286 1086 315 Simonis
1109 286 1238 323 quidem,
1263 286 1315 323 qui
1333 290 1433 323 postes

313 348 380 366 suos
404 348 509 375 magno
539 338 635 375 pretio
664 341 780 375 emptos
804 338 887 366 reiici
911 347 988 375 aegre
1011 338 1135 375 patitur.
1192 334 1294 374 Atqui
1323 340 1432 371 autem,

312 400 370 418 uon
399 387 532 426 ‚,Atque“
558 389 744 417 scribendum
768 399 844 424 esse,
873 390 962 418 etiam
986 389 1079 426 Bugg.
1111 389 1200 422 vidit,
1231 389 1266 417 cf.
1294 389 1362 417 102.
1395 403 1430 408 —

311 439 342 468 si
363 439 437 469 sunt
460 438 588 474 inducti,
613 441 638 468 si
650 440 839 469 inducuntur.
866 455 902 459 —
929 442 999 469 813.
1018 436 1206 477 pultifoyus,
1230 450 1286 468 vox
1298 439 1432 476 hybrida,

312 494 348 521 cf.
362 493 399 520 ad
413 493 482 521 348.
519 492 553 521 Iu
570 492 596 520 A
614 491 874 521 Schwarzmnnnus
896 492 1096 529 „pultufugis“
1124 492 1237 529 legerat
1259 492 1434 528 permutatis

312 544 471 579 vocalibus,
496 544 574 572 unde
594 543 687 581 Bugg.
704 542 913 581 „pultufagus“
939 543 984 570 ed.
1032 539 1216 580 Pultifoyus
1238 539 1343 579 opifex
1365 542 1433 571 Car-

311 595 507 631 thaginiensis
530 599 582 623 est.
634 595 694 623 Hos
724 595 808 633 pulte
831 595 941 623 vixisse
969 596 1120 629 novimus,
1149 595 1218 632 quia
1241 594 1314 623 Cato
1338 593 1372 622 R.
1396 593 1431 622 R.

313 648 351 676 85
375 647 467 685 pultis
490 646 609 675 Punicae
632 648 779 675 rationem
804 647 899 674 docet.
951 645 1065 674 Horum
1094 649 1271 676 mercatores
1300 646 1328 674 in
1351 645 1432 673 Grae-

312 700 386 726 ciam
409 701 438 726 et
460 698 577 726 Italiam
600 699 754 726 materiam
789 701 819 726 et
853 707 956 726 caesam
991 701 1021 726 et
1054 697 1204 726 fabrorum
1235 697 1431 734 tignariorum

311 754 376 778 arte
411 750 539 779 delatam
576 749 738 784 vehebant3
772 750 919 778 fenestras
947 749 1114 777 Punicanns
1142 749 1238 777 Varro
1262 748 1295 776 R.
1321 748 1355 776 R.
1378 747 1431 782 ΙΙΙ,

312 803 340 837 7,
365 803 393 837 3,
417 802 508 830 lectos
530 802 696 830 Punicanos
719 801 821 829 Cicero
853 801 961 838 aliique
984 803 1228 831 commemorant.
1258 802 1432 837 coagmenta

311 857 407 882 autem
432 853 543 881 Punica
561 852 623 881 Cat.
636 853 670 881 R.
686 852 719 881 R.
738 854 783 881 18.
820 852 904 887 Quod
923 862 1012 890 quum
1037 853 1094 880 iam
1117 852 1249 889 Scaliger
1271 851 1431 885 docuisset,

310 905 470 933 Salmasius
504 905 551 933 hic
584 907 618 932 ut
651 905 758 941 saepius
787 904 898 932 erroris
927 907 1030 932 auctor
1059 904 1154 931 factus
1182 906 1228 931 est
1250 913 1303 940 per
1326 902 1432 930 saecula

309 957 481 995 propagati3
510 956 676 985 Romanum
699 956 776 984 enim
800 955 1027 992 intelligendum
1051 965 1112 983 esse
1136 955 1258 989 censuit,
1281 955 1351 991 quia
1374 953 1431 982 Ro-

310 1009 390 1037 mani
413 1018 529 1046 quoque
552 1007 635 1045 pulte
658 1010 821 1035 uterentur.
875 1007 965 1042 Quasi
995 1006 1056 1035 ullo
1087 1007 1172 1034 modo
1201 1005 1267 1033 fieri
1289 1005 1431 1043 potuerit,

309 1064 352 1095 ut,
377 1070 466 1097 quum
493 1057 762 1097 „pultifagonides“
784 1058 1057 1095 Carthaginiensem
1080 1058 1229 1094 significet
1253 1054 1355 1091 (Poen.
1371 1054 1431 1090 54),

309 1112 473 1149 pultifagus
497 1111 648 1139 Romanus
671 1112 719 1139 sit.
772 1109 890 1138 Graecos
914 1109 1046 1138 videmus
1070 1109 1221 1137 Punicana
1249 1109 1300 1136 iun
1328 1117 1429 1146 opera,

308 1166 430 1201 propter
453 1163 608 1200 vilitatem⁷
636 1162 733 1197 credo,
766 1172 782 1190 a
805 1161 907 1189 multis
930 1162 1033 1198 petita.
1063 1171 1124 1198 prae
1146 1161 1207 1188 suis
1229 1163 1260 1188 et
1282 1159 1429 1195 indigenis

308 1216 462 1252 sprevisse.
476 1230 516 1234 —
537 1215 607 1242 814.
632 1211 818 1251 coaqmenta,
832 1212 897 1241 duae
908 1213 1011 1250 primae
1023 1212 1144 1248 syllabae
1156 1211 1335 1241 coalescunt.
1368 1211 1428 1239 Iam

308 1266 417 1294 Tranio
441 1276 560 1303 quoque
583 1265 728 1293 sermonis
751 1268 866 1302 partem
890 1264 947 1293 sibi
970 1273 1111 1300 arrogans
1134 1266 1308 1300 coagmenta
1321 1263 1428 1291 forium

308 1327 339 1345 se
362 1316 484 1345 laudare
507 1317 645 1351 simulat,
679 1315 729 1344 sed
760 1316 926 1344 scurriliter
955 1315 1082 1344 irridens
1111 1316 1202 1343 verbo
1225 1315 1333 1349 utitur,
1369 1324 1428 1351 quo

307 1370 406 1407 potius
435 1371 586 1405 stuporem
610 1378 712 1396 senum
741 1366 902 1403 significet;
937 1364 1072 1395 dormire
1101 1367 1172 1395 dicit
1200 1367 1288 1395 fores.
1339 1365 1428 1394 Cuius

307 1420 381 1448 dicti
409 1430 499 1457 quum
535 1420 611 1448 ratio
645 1422 811 1457 quaeratur,
850 1420 892 1446 ait
921 1429 951 1446 se
985 1417 1124 1447 conivere
1157 1418 1254 1447 dicere
1289 1418 1428 1447 voluisse.

307 1481 373 1509 quae
396 1481 455 1500 vox
477 1481 566 1509 quum
590 1471 711 1509 proprie
734 1470 770 1498 de
789 1470 956 1499 hominibus
970 1470 1086 1499 dicatur
1098 1470 1198 1498 oculos
1211 1468 1428 1503 claudentibus,

307 1523 394 1551 etiam
418 1523 455 1551 ad
479 1522 552 1550 alias
575 1525 745 1560 aperturas.
770 1531 835 1559 quae
859 1522 1052 1557 clauduntur,
1075 1522 1269 1556 transfertur,
1299 1531 1326 1549 v.
1351 1519 1427 1548 Gell.

306 1574 384 1609 XVI,
411 1576 438 1609 3,
463 1575 496 1603 3:
533 1575 744 1610 „esuritionem
768 1574 880 1601 faciunt
903 1596 909 1602 .
924 1596 930 1601 .
946 1596 951 1601 .
966 1594 973 1601 .
997 1583 1069 1602 cava
1092 1574 1204 1602 ventris
1227 1582 1261 1601 ac
1284 1571 1427 1600 stomachi

307 1636 400 1654 vacua
423 1628 452 1654 et
475 1625 603 1660 hiantiu3
638 1634 702 1662 quae
733 1625 783 1653 ubi
807 1629 858 1653 aut
889 1624 954 1653 cibo
985 1624 1171 1663 complentur
1199 1627 1251 1652 aut
1280 1623 1426 1652 inanitate

307 1677 421 1705 diutina
433 1677 651 1705 contrahuntur
663 1679 694 1704 et
716 1677 862 1711 conivent,
883 1679 953 1704 tunc
972 1676 1046 1711 loco,
1064 1677 1093 1703 in
1107 1686 1193 1712 quem
1207 1675 1288 1704 cibus
1301 1675 1427 1712 capitur.

305 1729 353 1756 vel
376 1729 487 1766 stipato
511 1728 556 1756 vel
580 1727 724 1763 adducto,
758 1727 894 1756 voluntas
922 1727 1058 1765 capiendi
1087 1728 1150 1755 eius
1181 1725 1427 1762 desiderandique

306 1779 533 1816 restinguitur“.
568 1794 608 1799 --
644 1780 713 1807 815.
750 1775 839 1807 Illud
859 1775 941 1806 volui
963 1776 1078 1813 (licere,
1113 1788 1139 1807 v.
1163 1778 1200 1806 ad
1223 1777 1330 1815 Amph.
1355 1777 1426 1805 380.

307 1846 348 1849 —
371 1832 441 1859 816.
467 1827 559 1860 Satin
571 1827 685 1858 habes?
709 1830 927 1868 Theopropidis
951 1830 1011 1859 haec
1036 1840 1094 1858 nou
1114 1839 1177 1857 esse
1196 1831 1269 1858 satis
1286 1831 1426 1866 apparet3

306 1882 434 1910 editores
469 1885 549 1910 recte
573 1882 712 1910 Tranioni
748 1881 828 1910 dant.
864 1896 904 1900 -—
946 1878 987 1911 Ut
1019 1878 1181 1919 quidquid,
1215 1891 1242 1909 v.
1273 1880 1310 1908 ad
1340 1880 1423 1908 Asin.

307 1933 377 1961 324.
405 1933 567 1970 „quicque“
593 1937 720 1970 utroque
743 1933 808 1961 loco
833 1933 965 1970 postulat
988 1933 1094 1961 Prelin.
1114 1934 1222 1968 Quaest.
1243 1932 1372 1960 Plautini.
1391 1931 1426 1958 de

306 1994 389 2022 pron.
422 1984 584 2013 indefinitis
607 1994 636 2022 p.
661 1985 689 2016 3,
719 1985 838 2014 iniuria.
868 1994 894 2012 v.
920 1984 995 2012 Rud.
1023 1985 1112 2012 1340.
1169 1983 1247 2011 Men.
1273 1984 1331 2011 509
1361 1992 1425 2010 cum

306 2046 372 2064 aun.
408 2050 449 2055 -—
485 2037 555 2064 817.
587 2035 697 2063 Tranio
721 2036 922 2073 impudentius
946 2036 1034 2063 etiam
1064 2035 1136 2063 hero
1160 2034 1275 2070 illudit3
1309 2034 1425 2071 quaerit,

304 2097 373 2115 num
396 2088 504 2125 pictam
527 2086 628 2114 videat
651 2087 795 2116 cornicem
825 2087 899 2115 duos
923 2086 1067 2114 vulturios
1095 2086 1306 2121 ludificantein,
1342 2096 1374 2112 se
1396 2087 1427 2112 et
