1596 2478
154 187 199 220 IV,
218 188 240 219 2,
260 188 378 214 89—100
616 186 797 213 Menaechmi.
1206 190 1266 219 205

614 281 644 312 M
653 291 673 312 a
681 284 693 312 t
700 292 716 312 r
724 291 742 313 o
750 292 770 312 n
779 291 798 312 a

152 325 295 365 Egomet.

599 383 814 415 Peniculus

346 437 385 468 Et
409 447 476 475 ego.
525 437 630 477 Atque
653 437 730 468 huic
755 438 878 469 amicae
903 437 1048 469 detulisti
1076 438 1195 469 Erotio.
1216 448 1268 472 640

567 513 849 545 Menaechmus

150 556 238 596 Egon
262 556 365 588 dedi?

611 627 797 660 Matrona

399 681 457 718 Tu,
480 685 516 714 tu
539 682 624 717 istic,
649 682 792 723 inquam.
840 682 901 714 Uin
925 683 1045 715 adferri
1070 687 1232 719 noctuam,

148 736 237 774 Quae
261 740 296 767 tu
321 740 355 767 tu
380 747 482 777 usque
507 736 596 767 dicat
618 736 700 767 tibi?
728 746 804 767 nam
828 747 887 767 nos
912 737 975 768 iani
1001 737 1120 769 defessi
1145 749 1265 769 sumus.

562 813 593 844 M
602 824 618 844 e
627 824 646 844 n
657 824 676 844 a
684 824 700 844 e
709 823 726 844 c
734 813 755 844 h
764 825 795 845 m
802 825 822 845 u
832 824 846 844 s

148 867 209 898 Per
224 866 332 898 Iouem
347 867 489 908 deosque
503 868 606 898 omnis
619 867 743 903 adiuro.
757 879 839 899 uxor
858 885 890 889 —
901 869 985 899 satin
999 868 1060 900 hoc
1074 873 1123 900 est
1135 869 1265 901 tibi?—

147 920 218 951 Non
244 921 383 953 dedisse.

591 981 813 1013 Peniculus

476 1036 576 1067 Immo
600 1035 707 1067 hercle
731 1047 809 1067 uero
834 1047 892 1068 nos
916 1047 978 1068 non
1004 1036 1121 1068 salsum
1146 1037 1263 1070 dicere.

563 1113 844 1145 Menaechmus

145 1166 206 1197 Sed
231 1176 290 1204 ego
315 1166 403 1197 illam
429 1178 492 1198 non
517 1167 710 1205 condonaui,
736 1167 793 1199 sed
817 1168 864 1199 sic
888 1168 1041 1199 utendam
1067 1169 1152 1200 dedi.
1214 1179 1264 1204 645

610 1244 796 1276 Matrona

147 1297 304 1337 Equidem
330 1303 459 1329 ecastor
477 1301 568 1329 tuam
587 1309 647 1329 nec
665 1298 868 1339 chlamydem
887 1299 928 1331 do
946 1299 1034 1331 foras
1053 1312 1111 1332 nec
1129 1301 1264 1342 pallium

146 1351 328 1393 Quoiquam
363 1352 530 1383 utendum.
587 1352 753 1384 Mulierem
790 1357 962 1393 aequomst
991 1356 1223 1387 uestimentum

859 1408 1018 1440 muliebre

145 1459 231 1491 Dare
256 1460 352 1494 foras.
376 1461 482 1492 uirum
506 1461 608 1492 uirile.
656 1460 739 1498 Quin
763 1461 866 1493 refers
890 1463 1010 1502 pallam
1035 1463 1188 1495 domum‘?

565 1538 845 1570 Menaechmus

146 1591 213 1631 Ego
236 1590 310 1623 faxo
334 1592 501 1624 reseretur.

610 1652 796 1685 Matrona

552 1706 600 1738 Ex
623 1718 657 1738 re
681 1711 747 1746 tua,
770 1711 807 1739 ut
831 1709 955 1749 opinor,
980 1709 1111 1748 feceris;

144 1760 226 1792 Nam
246 1761 376 1792 domuin
397 1771 572 1802 numquam
591 1761 753 1800 introibis,
773 1763 835 1794 nisi
853 1763 938 1795 feres
955 1764 1075 1804 pallam
1091 1764 1194 1796 simul.
1214 1773 1265 1798 650

144 1815 191 1846 Eo
216 1814 355 1846 domum.

590 1875 810 1908 Peniculus

315 1929 398 1967 Quid
423 1930 499 1961 mihi
524 1929 710 1965 futurumst.
736 1932 791 1972 qui
815 1931 875 1963 tibi
900 1931 983 1963 hanc
1007 1943 1139 1972 operam
1163 1933 1263 1965 dedi?

210 2050 261 2074 640
279 2048 420 2074 edetulisti
440 2049 466 2074 B
534 2050 581 2075 641
603 2050 680 2076 dedit
700 2053 730 2076 ut
751 2051 811 2076 istic
833 2050 855 2076 C
921 2052 972 2076 642
991 2054 1154 2085 tuintnsque
1175 2052 1197 2078 C

145 2100 194 2117 nos
213 2092 266 2117 iam
287 2100 337 2117 nos
404 2094 453 2117 644
473 2092 533 2118 MU.
553 2093 637 2118 immo
703 2094 753 2119 645
773 2094 811 2119 sii>
831 2094 946 2119 eandam
968 2094 989 2119 0
1048 2095 1098 2120 646
1117 2099 1224 2120 etastor
1245 2095 1266 2121 C

211 2134 356 2160 clamidem
429 2135 537 2160 defui-as
557 2135 576 2160 C
646 2137 694 2161 651
716 2136 775 2161 ME.
798 2136 857 2169 Ego
1068 2136 1071 2139 “
