1596 2478
147 178 168 210 1,
187 179 210 210 3,
233 178 366 204 ΙΙΙ-126
632 179 812 205 Mostellaria.
1230 183 1270 212 33

629 271 788 313 Scapha

148 324 190 356 Ut
213 325 379 365 speculum
403 325 548 362 tenuisti,
572 330 680 356 metuo
705 336 745 357 ne
769 326 860 357 olant
884 330 1053 366 argentum
1079 337 1210 365 manus3

146 379 192 410 Ne
218 389 354 418 usquam
378 383 548 418 argentum
573 383 604 409 te
629 380 794 419 accepisse
818 381 1004 420 suspicetur
1029 380 1242 413 Philolaches.

579 463 838 496 Philolaches

147 518 217 549 Non
242 518 357 549 uideor
381 518 505 549 uidisse
529 518 637 549 lenam
662 518 865 549 callidiorem
889 519 989 550 ullam
1015 520 1162 551 alteram.

147 571 189 602 Ut
207 572 312 612 lepide
332 575 431 612 atque
450 575 560 603 astute
580 572 611 602 in
627 575 766 603 mentem
780 573 872 603 uenit
886 573 925 604 (le
939 573 1072 613 speculo
1086 575 1200 606 malae.
1221 584 1271 610 265

564 657 587 687 P
598 656 716 688 hilem
727 657 783 688 ati
792 668 851 688 um

146 711 296 742 Etiamne
319 711 492 751 unguentis
516 710 722 751 unguendam
748 712 883 743 censes?

630 787 789 828 Scapha

912 843 1054 875 Minume
1078 844 1205 877 feceris.

564 913 853 945 Philematium

147 967 376 1008 Quapropter?

629 1038 786 1079 Scapha

398 1092 483 1130 Quia
507 1095 634 1123 ecastor
656 1093 774 1124 mulier
796 1096 884 1124 recte
910 1093 986 1130 olet,
1010 1094 1066 1125 ubi
1090 1095 1172 1126 nihil
1196 1096 1270 1127 olet.

147 1148 228 1179 Nam
253 1148 336 1178 istae
360 1150 499 1182 ueteres,
525 1157 609 1187 quae
634 1157 667 1178 se
691 1147 864 1186 unguentis
882 1148 1056 1185 unctitant,
1082 1149 1272 1190 interpoles,

148 1202 298 1239 Uetulae,
322 1200 505 1238 edentulae,
531 1210 614 1239 quae
638 1201 722 1231 uitia
745 1201 892 1240 corporis
917 1201 992 1232 suco
1017 1202 1181 1242 occulunt,

148 1257 210 1289 Ubi
235 1266 306 1287 sese
330 1254 429 1286 sudor
454 1264 527 1285 cum
551 1255 726 1293 unguentis
751 1255 965 1291 consociauit,
991 1255 1065 1287 ilico
1222 1267 1273 1292 270

148 1311 265 1343 Itidem
290 1309 387 1346 olent,
420 1309 514 1349 quasi
538 1319 635 1349 quom
659 1319 724 1340 una
746 1308 850 1339 multa
874 1309 947 1340 iura
970 1310 1118 1341 confudit
1140 1322 1274 1352 coquos.

150 1365 233 1404 Quid
258 1364 358 1401 olant,
383 1363 520 1400 nescias,
545 1363 609 1393 uisi
632 1362 664 1393 id
689 1373 797 1400 111111111,
821 1366 859 1394 ut
883 1364 965 1395 male
985 1363 1072 1395 olere
1091 1366 1274 1406 intellegas.

582 1439 843 1470 Philolaches

151 1496 194 1527 Ut
217 1495 372 1536 perdocte
397 1496 516 1524 cuncta
540 1493 653 1532 callet;
677 1493 758 1524 nihil
782 1493 844 1525 hac
869 1494 966 1525 docta
990 1495 1128 1526 doctius

152 1546 269 1578 Uerum
293 1546 374 1577 illud
399 1558 470 1579 esse
494 1557 645 1578 maxuma
669 1547 750 1578 adeo
776 1558 850 1588 pars
874 1552 1062 1580 nostrorum
1087 1550 1257 1590 intellegit,

151 1601 277 1638 Quibus
290 1611 372 1632 anus
387 1601 473 1632 domi
492 1605 567 1632 sunt
586 1612 713 1640 uxores,
732 1612 816 1642 quae
836 1613 895 1633 uos
914 1603 990 1634 dote
1009 1608 1206 1636 meruerunt.
1227 1613 1278 1638 275

568 1677 681 1709 Phile
690 1689 720 1709 m
731 1682 770 1710 at
779 1679 789 1709 i
799 1689 856 1710 um

151 1732 307 1772 Agedum,
331 1732 516 1772 contempla
540 1742 657 1763 aurum
676 1736 708 1764 et
726 1732 856 1773 pallam,
880 1734 966 1764 satin
985 1733 1066 1765 haec
1083 1744 1130 1765 me
1150 1734 1274 1774 deceat,

871 1786 1009 1827 Scapha.

636 1857 794 1898 Scapha

152 1910 225 1942 Non
249 1922 298 1942 me
323 1912 408 1943 istuc
432 1921 548 1943 curare
573 1915 711 1952 oportet.

221 2030 271 2055 262
290 2029 383 2055 oleant
435 2031 486 2055 264
505 2030 607 2056 alteras
660 2031 710 2056 265
729 2031 799 2057 male
815 2030 850 2059 B,
869 2040 948 2057 mane
962 2030 984 2058 C
1033 2032 1083 2058 266
1102 2033 1236 2065 unguntis
1253 2032 1280 2058 B

153 2072 204 2097 268
222 2072 274 2098 iste
293 2071 320 2098 B
383 2073 432 2098 269
452 2073 596 2098 occultant
661 2074 708 2099 271
730 2082 812 2099 uuam
880 2075 930 2099 272
949 2073 1020 2106 Quid
1040 2075 1117 2100 oleas
1179 2076 1280 2100 nimale

155 2115 204 2140 274
222 2118 264 2140 est
282 2115 433 2140 maximum
453 2114 476 2140 G
543 2117 593 2141 276
610 2124 654 2141 me
673 2124 723 2142 (rm.
789 2117 839 2141 277
859 2125 955 2142 curare
976 2119 1047 2142 istuc

1041 2170 1074 2196 60
