1561 2473
653 222 684 248 V.
702 222 845 248 659-705.
1251 227 1312 256 425

192 322 221 350 in
246 320 338 349 altero
363 320 492 348 membro
516 321 645 357 ponitur,
669 322 698 350 in
722 321 815 350 altero
839 321 996 355 omittitur,
1021 320 1106 349 affert
1128 320 1216 350 Most.
1240 323 1310 351 759.

192 372 272 400 Pers.
299 371 372 399 473:
402 371 528 406 „Sumne
552 371 671 409 probus,
690 382 752 400 sum
777 372 893 410 lepidus
917 370 1027 400 civis‘?“
1055 371 1123 400 add.
1147 372 1207 401 Cic.
1221 372 1311 401 Cat.1

192 423 256 452 init.
281 422 344 451 Liv.
371 422 446 457 VIII,
473 424 499 457 5,
526 424 552 451 9.
582 422 747 458 XXXVIII,
778 424 826 457 48,
858 424 948 450 7—8.
983 438 1015 442 —
1050 424 1119 452 686.
1151 421 1242 452 Abiit
1264 425 1308 453 ed.

191 485 235 512 pr.
273 488 310 492 -
346 470 475 502 occlusit
504 471 592 503 aedis
622 475 736 503 Camer.
783 474 866 509 Quod
897 476 926 502 in
952 474 975 502 D
1005 475 1114 511 legitur
1145 476 1246 511 „ocius
1271 477 1312 504 ita

191 524 284 560 edis“,
309 525 385 554 idem
410 526 438 554 in
457 526 480 554 B
506 529 572 554 ante
597 535 728 554 rasuram
749 527 836 553 fuisse
856 526 981 555 videtur.
996 542 1035 545 —
1058 528 1126 555 688.
1152 525 1311 556 consulere

190 587 255 605 cum
279 578 446 605 accusativo
470 587 604 615 personae
628 578 715 614 vulgo
739 578 886 614 iungitur,
923 579 1017 606 rarius
1047 588 1110 606 cum
1142 580 1310 607 accusativo

190 629 243 663 rei,
268 633 299 656 ut
323 629 410 657 Most.
440 630 527 657 1083.
573 629 634 657 Mil.
662 630 737 657 221:
775 632 846 664 „tuo
875 633 958 665 tergo
990 629 1135 658 obsidium
1165 629 1309 658 consuli“.

191 679 253 708 Liv.
279 679 315 714 II,
343 681 389 714 28,
416 682 448 709 2:
482 691 560 716 „rein
585 681 712 709 delatam
736 678 918 708 consulere“.
965 680 1023 708 Cic.
1052 681 1146 710 Divin.
1174 682 1193 715 I,
1220 682 1245 717 2,
1273 683 1308 710 3;

193 732 400 766 „consulendis
425 732 540 761 r‹·bus‘⁴.
589 732 652 761 Duo
675 732 834 760 accusativi
863 732 1052 760 inveniuntur
1076 733 1164 760 etiam
1189 732 1246 761 Cic.
1273 732 1310 760 ad

190 783 279 811 Attio.
305 783 367 819 VII,
394 784 443 817 20,
469 785 501 812 2:
530 794 599 819 „uec
624 787 653 812 te
676 783 707 811 id
731 782 881 811 consulo“.

276 887 345 915 689.
376 886 465 915 Redit
487 887 685 916 Menaechmus
709 887 798 922 alter,
823 887 1023 925 Syracusanus
1047 887 1110 921 ille,
1135 887 1217 915 cuius
1241 897 1308 925 pro-

188 939 285 976 prium
316 947 420 966 nomen
450 938 576 967 Sosicles
601 939 706 967 fuerat.
762 939 790 966 Is
815 939 1030 967 Messenionem
1053 948 1186 973 servum,
1223 948 1308 976 quem

188 990 229 1018 ita
252 989 419 1024 dimiserat,
450 993 484 1018 ut
507 1000 572 1018 eum
596 991 652 1019 sibi
678 990 834 1019 adversum
858 991 900 1018 ire
925 991 1040 1018 iuberet
1063 987 1166 1027 (426),
1202 991 1307 1027 cuique

188 1041 278 1068 etiam
302 1041 504 1079 marsuppium
529 1051 612 1070 suum
637 1042 807 1070 crediderat
831 1039 935 1078 (379),
967 1042 1076 1069 frustra
1099 1051 1232 1078 quaerens
1255 1051 1309 1079 per

187 1092 288 1120 urbem
314 1094 440 1129 erravit3
463 1093 572 1131 pallam
597 1096 703 1129 autem,
729 1103 816 1131 quem
841 1094 876 1121 ab
902 1092 1004 1121 Erotio
1027 1095 1192 1130 acceperut,
1218 1095 1307 1121 etiam

187 1154 264 1172 nunc
288 1144 421 1173 inanibus
445 1147 551 1182 gestat.
576 1159 616 1163 —
642 1146 710 1173 691.
733 1152 875 1181 paneam,
899 1145 934 1172 cf.
948 1144 1013 1172 Ter.
1029 1144 1083 1172 Ad.
1100 1145 1175 1172 3592
1203 1144 1308 1179 „credo

187 1195 344 1224 abductum
374 1197 405 1224 in
433 1205 559 1232 ganeum
591 1195 721 1233 aliquo“‚
756 1197 806 1224 ubi
829 1196 981 1225 Donatus:
1021 1195 1160 1231 „Veteres
1183 1205 1308 1232 ganeum

185 1248 367 1276 meritoriam
391 1247 545 1275 tabernam
571 1247 739 1276 dixerunt“.

272 1299 342 1328 692.
367 1298 450 1328 Uxor
473 1299 657 1334 Menaechmi,
681 1300 731 1337 qui
755 1300 819 1327 viro
843 1299 961 1328 excluso
984 1299 1063 1326 intro
1082 1299 1195 1327 abierat
1208 1295 1306 1335 (652),

185 1351 245 1379 exit
268 1351 468 1389 prospiciendi
492 1361 588 1386 causa,
612 1361 680 1379 num
705 1351 780 1379 forte
804 1352 850 1379 vir
872 1360 936 1378 eum
960 1350 1040 1388 palla
1063 1350 1174 1385 redeat,
1199 1350 1306 1387 gemel-

184 1403 304 1440 lumque
327 1403 448 1431 fratrem
473 1403 656 1440 conspiciens
683 1412 749 1430 eum
773 1412 828 1440 pro
853 1403 958 1430 marito
982 1402 1079 1430 habet.
1127 1399 1304 1438 Prouisam,

185 1454 221 1483 cf.
246 1454 336 1482 Stich.
363 1455 439 1483 642:
472 1454 520 1490 „Si
546 1464 631 1491 quem
656 1454 802 1482 hominem
828 1456 995 1492 expectant,
1028 1463 1092 1482 eum
1116 1454 1212 1482 solent
1235 1463 1305 1490 pro-

184 1504 309 1534 uisere“.
361 1506 428 1534 Ter.
453 1506 528 1534 Eun.
554 1506 623 1534 394.
662 1521 696 1524 —
734 1513 826 1542 quam
850 1512 934 1540 mox,
965 1505 1000 1533 cf.
1026 1505 1090 1534 Mil.
1117 1506 1186 1534 306.
1214 1506 1303 1534 1398.

184 1557 260 1586 Rud.
286 1558 356 1586 340.
384 1558 473 1586 1214.
519 1557 585 1586 Ter.
614 1557 688 1585 Eun.
722 1557 791 1585 788.
843 1556 901 1585 Cic.
932 1556 1016 1585 Roso.
1046 1556 1126 1586 Com.
1154 1558 1179 1592 l,
1216 1559 1240 1585 1.
1264 1572 1305 1576 —

185 1610 244 1638 695
275 1609 448 1638 emendatus
478 1619 513 1637 ex
542 1609 652 1644 Nonio,
689 1609 738 1646 qui
762 1619 791 1646 p.
822 1609 898 1637 468:
937 1608 1051 1643 „Meret
1079 1618 1133 1646 pro
1163 1611 1304 1637 meretur.

185 1660 307 1689 Plautus
327 1662 356 1689 in
376 1660 584 1688 Menaechmis.
600 1683 605 1688 .
621 1672 643 1688 .:
668 1660 755 1688 adibo
774 1663 862 1697 atque
880 1660 1026 1688 hominem
1047 1660 1187 1698 accipiam
1206 1659 1303 1695 dictis,

184 1712 291 1750 quibus
315 1711 439 1741 me1·et“.
469 1727 509 1731 m
541 1713 611 1740 697.
640 1708 815 1749 Flaqitium
838 1709 992 1747 hominis,
1022 1721 1049 1739 v.
1073 1712 1144 1740 477.
1169 1726 1210 1730 —
1234 1712 1304 1740 698.

184 1763 256 1793 Post
279 1764 307 1792 te
330 1764 441 1798 hiatus;
467 1763 500 1792 R.
523 1763 610 1795 ..ted·‘
632 1764 762 1801 scripsit,
786 1763 833 1791 ΒΓ.
861 1763 950 1798 „Quae
968 1766 998 1791 te
1017 1761 1081 1791 1·es“
1108 1773 1143 1791 ex
1156 1762 1239 1791 Cure.
1255 1764 1303 1791 92.

183 1830 224 1835 -—-
249 1816 318 1844 700.
354 1812 438 1852 Quid
462 1812 584 1843 tandem
607 1812 725 1843 admisi
750 1812 783 1842 in
805 1814 875 1842 me?
911 1815 982 1852 quid
1007 1815 1126 1842 sceleris
1151 1812 1304 1842 commisi?

184 1867 218 1895 cf.
243 1867 310 1895 Ter.
335 1866 453 1895 Phorm.
480 1867 550 1895 270.
575 1867 647 1895 415.
693 1865 751 1894 Cic.
776 1876 804 1903 p.
830 1865 892 1894 Mil.
918 1867 966 1900 37,
995 1867 1063 1894 103.
1106 1866 1177 1895 Hor.
1202 1866 1257 1903 Ep.
1281 1866 1304 1903 I,

187 1919 233 1952 16,
249 1919 296 1946 53.
311 1933 352 1936 —
365 1919 436 1946 701.
461 1925 478 1946 ο
490 1918 616 1954 Pylades
630 1917 745 1945 addidit
758 1927 793 1945 ex
805 1917 872 1945 Ter.
888 1916 994 1945 Heaut.
1010 1917 1080 1945 313.
1112 1917 1160 1945 R.:
1189 1915 1304 1953 „hem“.

183 1984 224 1989 ——
249 1970 318 1998 702.
342 1965 509 1998 Hecubam.
561 1969 620 1997 Cic.
645 1969 729 1997 Tusc.
754 1968 806 2004 ΙΙΙ,
832 1969 881 2003 26,
907 1969 960 1997 63:
1000 1968 1168 2003 „Hecubam
1197 1971 1305 2006 putant

183 2025 306 2060 propter
336 2021 425 2049 animi
457 2020 647 2049 acerbitatem
678 2020 826 2058 quandam
857 2023 885 2047 et
915 2019 1025 2047 rabiem
1056 2019 1127 2057 fingi
1151 2020 1179 2047 in
1204 2029 1304 2048 canem

184 2083 246 2101 esse
270 2071 471 2101 conve1·sain“.
525 2072 609 2100 Ovid.
640 2072 712 2100 Met.
737 2071 821 2106 XIII,
855 2072 914 2099 567
943 2081 1007 2109 sqq.
1042 2086 1082 2090 —
1119 2072 1188 2100 705.
1224 2067 1305 2099 mala

183 2120 357 2161 inqerebat,
392 2133 418 2151 v.
451 2122 486 2150 ad
517 2123 620 2151 Bacch.
652 2124 722 2152 870.
758 2137 794 2141 —
833 2129 1020 2159 quemquem.
1086 2122 1220 2150 Fuerunt
1254 2122 1303 2158 qui

187 2173 372 2213 ,‚quemque“
399 2175 573 2210 scriberent,
598 2175 633 2203 cf.
659 2174 695 2202 ad
713 2174 794 2203 Asin.
817 2174 891 2209 1973
916 2173 967 2201 sed
988 2172 1104 2201 Brixius
1127 2176 1207 2201 recte
1231 2172 1303 2201 illud
