1596 2478
339 169 401 199 290
824 167 965 200 Epidicus.

338 263 389 292 sed
413 263 484 292 nihil
509 264 690 292 mutandum.
720 279 762 283 —
789 264 859 291 650.
896 262 1065 297 Perdidisti,
1095 264 1199 300 inquit,
1224 273 1269 291 me
1293 267 1450 296 amantem,

337 324 426 352 quum
451 324 496 342 me
519 315 638 343 fratrem
663 315 829 353 repperisti.
854 329 894 333 —
924 316 994 343 651.
1017 310 1073 342 illa
1095 313 1162 342 add.
1187 314 1290 342 Goetz.
1314 330 1355 334 —
1379 316 1449 343 652.

338 363 475 399 concilio,
498 366 533 394 cs.
553 365 637 404 Capt.
661 368 729 395 131.
749 381 788 385 —
808 367 878 394 653.
901 362 1010 401 fateor,
1035 365 1140 394 ultima
1163 365 1259 401 longa,
1284 375 1310 393 v.
1334 365 1450 403 Proleg.

336 427 365 454 p.
394 418 461 445 195.
518 416 560 444 De
589 417 693 455 quinto
716 416 793 455 pede
816 416 886 445 ibid.
914 417 980 445 184.
1038 416 1170 444 Mueller.
1197 416 1278 444 Pros.
1303 425 1331 453 p.
1356 417 1395 444 46
1422 417 1449 452 „i

337 466 433 495 intro“
470 469 634 505 proposuit.
669 483 708 488 -—
744 467 918 502 Fatebatur,
953 467 1008 495 sibi
1041 477 1173 495 sororem
1206 469 1300 504 magis
1334 467 1450 504 placere

335 528 423 556 quam
443 517 600 554 fidicinam,
624 519 675 548 sed
688 519 829 557 Epidicus
846 528 911 547 eum
930 519 1128 555 interrumpit.
1174 525 1287 556 aquam
1305 515 1449 555 calefieri,

336 569 453 597 lavandi
476 580 571 605 causa,
602 574 636 599 ut
663 571 802 599 convenit
830 579 952 607 peregre
975 569 1152 598 advenienti.
1179 583 1217 589 -
1243 571 1312 598 654.
1343 567 1452 599 Cetera

336 617 416 655 haec,
440 624 539 649 cetera
562 631 627 659 quae
650 621 706 650 huc
728 622 887 660 pertinent.
932 617 986 649 ‘ubi
1004 621 1038 654 A,
1062 623 1096 648 ut
1119 621 1176 648 iam
1195 620 1388 649 Camerarius.
1410 636 1451 641 —

337 672 407 700 655.
433 669 565 710 Sequere
586 680 647 708 me,
677 679 779 707 soror,
809 669 866 700 hac
888 672 922 700 A.
978 671 1095 699 Intrnut
1119 671 1293 710 Periphanis
1317 672 1450 708 domum;

336 722 476 760 Epidicus
499 733 536 752 ex
558 723 728 752 Chaeribuli
751 723 861 752 aedibus
885 723 1098 760 Thesprionem
1120 725 1298 751 evocaturus
1321 726 1381 758 est,
1415 733 1451 751 ne

336 774 461 811 amplius
485 775 570 812 quasi
592 775 707 803 exsules
731 775 801 803 soris
825 777 988 803 versentur.
1010 788 1045 793 ·—
1073 775 1142 802 656.
1167 771 1332 803 saeuibunt
1342 774 1449 803 Dousa.

336 826 379 854 Ne
402 835 467 854 cum
490 827 516 854 A
541 826 687 862 „saeuibit
709 824 816 854 senex“
842 825 962 860 scribas,
986 826 1021 854 cf.
1037 826 1106 854 659.
1126 840 1166 845 --
1188 827 1258 855 657.
1283 823 1451 862 Suffetius

336 877 347 904 1
371 880 401 905 et
425 880 493 906 cett.

421 929 490 957 658.
525 926 633 957 horms
666 929 842 967 plerumque
875 931 942 966 post
977 927 1053 956 aedes
1082 931 1162 964 erat,
1198 931 1230 956 ut
1262 937 1315 966 per
1349 928 1451 957 hortos

335 981 423 1008 vicini
447 990 609 1008 commeare
632 982 791 1018 potuerint,
815 981 851 1008 cf.
872 980 933 1008 Mil.
955 980 1026 1008 342.
1063 979 1151 1008 Mero.
1166 981 1236 1008 998.
1272 979 1363 1008 Stich.
1378 980 1448 1008 438.

335 1031 414 1060 Pers.
439 1032 509 1060 445.
557 1031 700 1070 Exempla
725 1031 901 1068 Pompeiana
929 1030 1015 1068 plura
1044 1035 1222 1068 supersunt.
1239 1046 1278 1050 —
1308 1031 1450 1068 Epidicus

334 1084 512 1120 armigerum
536 1082 598 1111 heri
622 1092 748 1111 evocans
766 1082 946 1110 iocabundus
964 1082 1122 1110 militarem
1141 1082 1289 1110 hominem
1310 1082 1450 1110 auxilium

335 1133 391 1162 sibi
421 1134 497 1162 ferre
527 1134 618 1162 iubet.
676 1133 810 1162 Mueller.
838 1143 888 1169 „ac
912 1131 973 1161 fer“
1001 1133 1103 1161 voluit.
1161 1134 1219 1161 Alii
1244 1133 1329 1171 plura
1353 1143 1450 1161 emen-

335 1185 431 1213 denda
457 1187 616 1222 putarunt,
647 1184 799 1213 Acidalius
828 1195 857 1222 p.
885 1185 959 1213 188:
997 1184 1169 1222 „Thespi-io,
1205 1185 1266 1212 exi:
1300 1185 1376 1213 istac
1398 1194 1451 1222 per

335 1237 452 1265 hortum
482 1236 530 1264 abi
560 1236 686 1265 domum.
711 1236 844 1264 ausculta
868 1236 952 1264 mihi:
989 1236 1097 1271 Magna
1119 1238 1164 1264 est
1186 1234 1264 1264 res“.
1317 1235 1389 1264 Eum
1421 1236 1450 1264 in

334 1287 483 1325 prioribus
507 1287 645 1316 Goetzius
667 1288 816 1324 sequitur,
847 1287 953 1315 deinde
976 1297 1073 1315 secum
1098 1287 1269 1325 loquentem
1295 1287 1367 1315 facit
1388 1296 1451 1314 ser-

335 1349 420 1367 vum:
447 1339 576 1373 „auxilio
598 1339 670 1366 mihi
694 1339 831 1376 Mnguast
853 1337 930 1366 res“.
976 1338 1143 1366 Abrahamo
1166 1339 1240 1366 Anu.
1261 1337 1333 1376 phil.
1347 1337 1449 1375 Suppl.

334 1390 403 1418 XIV
437 1399 465 1427 p.
497 1391 556 1418 225
591 1390 747 1418 lacunosus
782 1390 862 1418 locus
897 1389 1022 1418 videtur.
1058 1404 1098 1408 -—
1133 1391 1202 1417 659.
1241 1385 1325 1424 facio
1358 1387 1450 1423 Cam„

334 1449 424 1470 senes
447 1441 512 1469 edd.
550 1456 586 1461 -
624 1442 692 1470 660.
728 1440 763 1469 ut
793 1438 978 1469 adcurentur
1005 1444 1074 1474 cet..
1109 1443 1142 1469 ut
1171 1441 1245 1468 bone
1268 1441 1451 1477 accipiantur

335 1493 550 1531 Stratippocles
573 1496 604 1521 et
625 1502 711 1521 soror
734 1493 852 1521 domum
877 1493 996 1521 reversi.
1022 1507 1061 1511 —
1091 1493 1160 1520 661.
1198 1488 1332 1525 Eadem,
1362 1500 1388 1519 v.
1413 1491 1450 1519 nd

336 1545 439 1573 Bacch.
463 1545 512 1572 47.
569 1541 643 1573 luzec
665 1547 731 1572 cett.
756 1547 785 1572 et
807 1544 872 1572 edd.
909 1559 949 1563 —
985 1545 1053 1572 662.
1088 1539 1336 1580 neth..hau‹l‚
1361 1551 1386 1570 v.
1412 1541 1449 1570 ad

335 1596 440 1625 Bacch.
467 1597 513 1624 15.
541 1610 576 1614 -
603 1596 674 1624 663.
698 1592 782 1623 Abeo
804 1595 818 1623 1
841 1599 872 1623 et
895 1595 960 1624 edd.

422 1751 491 1780 664.
516 1751 582 1780 Duo
605 1761 688 1780 senes
712 1750 844 1785 redeunt,
869 1749 1049 1787 Periphanes
1069 1748 1098 1777 id
1118 1759 1208 1777 unum
1227 1748 1367 1785 cogitans,
1392 1757 1450 1786 quo

337 1803 423 1831 modo
458 1802 613 1841 Epidicum
647 1802 821 1837 ulciscatur,
862 1801 1027 1838 Apoecides
1066 1801 1172 1828 misere
1206 1801 1326 1838 cupiens
1359 1800 1449 1828 abire.

336 1851 456 1890 Satine,
480 1864 506 1882 v.
531 1854 568 1882 ad
592 1853 697 1891 Amph.
723 1854 792 1881 627.
838 1849 903 1880 illic
928 1852 1012 1880 Both.
1037 1862 1091 1880 em.
1116 1866 1156 1871 —
1189 1852 1246 1879 665
1272 1848 1342 1879 med
1362 1851 1448 1879 idem.

345 1920 374 1924 —
389 1906 460 1933 666.
488 1902 572 1938 Tace,
593 1902 662 1933 sine
673 1901 763 1933 modo
776 1903 931 1939 Goetziue;
956 1903 1046 1932 Weis.
1061 1906 1089 1931 et
1102 1902 1211 1941 Gepp.:
1239 1903 1333 1938 „Tace
1346 1903 1448 1931 modo:

336 1956 435 1992 siue⁸‘;
460 1957 517 1984 alin
540 1956 673 1984 Mueller.
694 1955 775 1984 Pros.
796 1966 824 1993 p.
847 1956 916 1987 742.
964 1954 1068 1983 Luchs.
1082 1954 1214 1983 Studem.
1229 1954 1312 1983 Stud.
1328 1954 1339 1982 1
1356 1964 1384 1992 p.
1400 1954 1448 1982 28.

338 2022 374 2026 —
400 2005 462 2035 iam
486 2007 581 2042 codd,
611 2007 716 2044 Goetz.
739 2004 862 2042 „uunc“.
887 2020 928 2025 —
957 2007 1027 2034 667.
1059 2006 1087 2034 te
1110 2003 1221 2034 melius
1243 2006 1271 2033 in
1296 2005 1319 2034 Β
1343 2005 1450 2033 iterata

336 2060 501 2097 posteriore
519 2059 582 2087 loco
600 2058 730 2087 tollenda
748 2067 811 2086 esse
829 2057 989 2086 ostendunt
1007 2057 1130 2085 numeri.
1178 2054 1330 2093 „meliust“
1347 2055 1448 2084 Lamb.

337 2110 460 2147 aliique;
495 2110 545 2138 sed
577 2109 635 2138 vid.
666 2110 702 2138 ad
726 2109 831 2146 Amph.
863 2109 931 2137 590.
969 2122 1006 2127 -
1042 2107 1088 2136 ita
1112 2108 1255 2137 rationem
1279 2107 1378 2143 affert,
1412 2107 1448 2135 cf.
