1561 2473
236 164 298 193 440
713 162 887 189 Menaechmi.
907 153 911 157 ’

237 255 336 296 δίνας)
348 258 426 296 quod
456 258 571 287 addunt
592 258 721 296 Pylades
738 263 779 295 ¹ct
802 258 836 288 B.
867 256 954 297 („qui
977 261 1063 289 aiunt
1085 259 1175 295 me“).
1211 275 1251 280 —
1286 260 1357 288 944.

237 310 417 346 Antefluoeor
440 310 549 347 hiatur,
580 310 636 337 nisi
660 309 737 338 forte
761 311 807 338 cui
831 309 925 339 libeat
947 321 1013 339 cum
1038 311 1159 346 Kochio,
1185 313 1260 340 Anu.
1284 310 1357 349 phil.

238 361 274 390 CI
297 371 327 398 p.
352 361 427 394 285,
455 358 584 395 „uoxor“
611 360 750 389 scribere.
807 360 888 390 Cam.
914 360 983 397 „at“
1009 362 1109 398 addit3
1144 362 1263 391 Muell.:
1301 363 1363 397 „ire

239 421 327 449 quom
352 409 471 449 cupio“.
498 425 534 430 —
572 412 641 440 945.
675 408 757 447 Huc,
781 411 877 441 Erotii
902 413 980 441 aedes
1002 412 1096 450 digito
1129 416 1287 442 monstrat.
1323 427 1364 431 —

241 460 352 491 Nimis
375 461 595 499 prmaentumst
622 460 778 500 nequiter,
814 464 940 501 pessime
974 465 1090 497 evenit,
1125 465 1162 492 cf.
1186 463 1261 492 Rud.
1287 464 1362 492 826:

244 515 386 551 „proueni
407 511 573 551 nequite1·“.
609 513 700 542 Stich.
715 514 791 543 399:
819 515 1003 552 „prouenisti
1016 514 1147 543 futtile“.
1183 514 1270 543 Truc.
1287 515 1363 543 382:

244 565 355 599 „Quom
379 564 452 592 bene
475 565 642 602 prouenisti
666 564 778 593 salua“.
838 567 912 594 511:
951 565 1065 601 „Quom
1095 569 1128 594 tu
1152 568 1234 594 recte
1257 574 1365 602 prone-

241 613 343 644 nisti“.
357 629 397 634 —
416 616 487 644 946.
516 615 590 651 „Hic
610 625 660 644 ero
679 625 772 653 usque
786 616 824 644 ad
837 615 972 645 noctem“
998 616 1064 645 edd.
1080 617 1167 654 vulgo
1180 619 1250 654 post
1263 616 1365 651 Pium;

243 667 276 695 R.
301 677 366 695 cnm
397 666 519 696 Bothio:
559 666 632 702 „Hic
661 676 711 696 ero
741 677 848 705 usque:
884 667 921 696 ad
951 670 1067 696 noctem
1097 665 1233 696 saltem“.
1291 666 1366 695 Mihi

242 728 294 746 nec
310 716 397 753 „ero“
414 728 467 746 nec
483 716 624 753 „saltsm“
639 719 793 755 probatur.
841 719 969 757 Scripsi:
994 716 1058 748 Hic
1080 726 1150 756 erqo
1173 716 1240 755 (aut
1255 716 1364 754 „ego⁸⁸)

242 775 342 806 usque
364 766 407 797 ad
428 769 547 798 noctem
570 767 600 797 si
622 769 730 798 astem.

329 821 400 849 947.
426 820 502 849 Dum
522 820 720 849 Menaechmus
740 824 823 849 extra
841 821 916 850 sedes
935 832 1003 851 suas
1021 823 1186 860 exspectat,
1210 820 1367 855 Messenio,

244 873 367 900 alterius
391 871 564 900 Menaechmi
588 881 699 907 sex-vua,
725 874 804 900 vasis
829 873 981 910 servisque
1003 874 1033 901 in
1058 872 1185 901 taberna
1208 872 1369 906 collocatis,

244 924 315 952 hero
333 932 386 951 suo
405 922 561 951 adversum
586 924 676 958 venit,
700 926 734 951 ut
752 925 849 952 iussus
869 928 933 952 erat
953 933 979 952 v,
994 924 1065 952 426.
1101 923 1258 952 Servorum
1282 922 1370 951 modo

245 975 281 1003 de
305 974 478 1004 condicione
502 976 532 1002 et
554 973 650 1002 officio
673 984 726 1003 suo
749 974 987 1012 philosophatur,
1011 975 1046 1004 cf.
1070 975 1159 1004 Most.
1184 975 1254 1004 842.
1301 973 1367 1002 Aul.

247 1027 316 1055 579.
363 1025 517 1054 Canticum
541 1035 558 1054 a
581 1027 698 1055 creticis
723 1027 851 1055 numeris
880 1027 1025 1064 incipiens
1052 1027 1162 1055 transit
1189 1026 1218 1054 iu
1246 1025 1368 1054 iambos.

246 1078 393 1107 947—52
418 1078 585 1105 tetrametri
613 1077 762 1106 bacchiaci
786 1080 864 1113 sunt,
889 1078 940 1106 sed
965 1078 1025 1106 950
1056 1080 1087 1106 et
1109 1077 1171 1106 952
1194 1077 1368 1105 catalectici.

247 1130 306 1158 953
332 1129 514 1166 compositus
545 1138 580 1156 ex
603 1129 701 1157 tribus
724 1128 854 1157 bacchiis
877 1131 908 1157 et
936 1128 1060 1167 dipodia
1088 1129 1222 1163 iambica,
1253 1128 1313 1156 954
1337 1137 1372 1156 ex

246 1180 362 1209 duobus
386 1180 503 1208 creticis
527 1182 556 1207 et
580 1180 705 1208 dimetro
729 1180 862 1216 iambico,
886 1182 946 1209 955
972 1179 1094 1218 dipodia
1117 1180 1225 1208 cretica
1252 1188 1371 1215 asynar-

246 1235 334 1267 tetos,
365 1231 424 1260 956
449 1233 518 1258 tetr.
549 1230 650 1259 bacch.
676 1228 731 1267 (P),
761 1232 822 1260 957
852 1232 977 1260 dimeter
1006 1231 1158 1259 iambicus,
1225 1230 1370 1259 958-59

247 1287 374 1321 systema
403 1283 576 1317 iambicum,
608 1286 641 1310 ut
669 1283 699 1311 in
722 1283 746 1311 B
777 1283 995 1317 discribuutur,
1032 1285 1220 1320 pentameter
1249 1285 1280 1310 et
1308 1291 1372 1319 sep-

247 1335 380 1364 tenarius
403 1333 503 1369 iamb„
528 1334 588 1362 960
613 1335 783 1362 octonarius
807 1334 958 1370 iambicus,
983 1334 1042 1363 961
1068 1334 1254 1371 septenarius
1273 1332 1372 1368 iamb.,

248 1387 310 1415 962
341 1385 488 1420 clausula,
523 1385 583 1413 963
608 1385 695 1413 iamb.
720 1385 921 1422 septenarius,
957 1386 1017 1414 964
1052 1385 1218 1413 trochaicus
1253 1387 1372 1413 octona-

249 1434 365 1472 rius(⁴?),
396 1436 456 1464 965
481 1436 568 1464 iamb.
592 1437 790 1474 septenarius,
820 1437 966 1466 967—69
992 1437 1138 1466 octonarii
1161 1435 1288 1471 iambici,
1313 1436 1372 1464 970

248 1490 414 1520 trochaicus
437 1490 630 1527 septenarius.

334 1541 407 1569 947.
442 1536 626 1577 spectamen
654 1537 733 1568 bono
755 1547 856 1575 seruo,
885 1549 944 1577 quo
968 1539 1063 1568 bonus
1086 1546 1188 1567 servus
1211 1540 1372 1575 spectatur.

251 1608 287 1613 -—
314 1590 376 1630 qui,
401 1593 420 1620 i.
443 1602 467 1620 e.
486 1592 511 1619 si
535 1592 612 1629 quie,
636 1602 663 1620 v.
678 1592 714 1620 ad
727 1592 810 1620 Asin.
826 1592 882 1620 321
909 1594 939 1619 et
960 1590 1028 1619 Aul.
1042 1590 1114 1623 481,
1139 1589 1206 1618 add.
1221 1589 1289 1618 Ter.
1304 1589 1372 1617 Hec.

251 1646 320 1674 608.
357 1643 441 1672 Varr.
456 1642 490 1672 L.
505 1642 616 1677 L.V11,
630 1644 658 1671 4.
695 1643 754 1672 Cic.
768 1654 796 1681 p.
811 1642 916 1671 Caecin.
934 1642 982 1678 13,
996 1643 1043 1671 39.
1081 1641 1144 1670 Liv.
1158 1640 1210 1676 111,
1228 1641 1275 1674 19,
1291 1640 1318 1668 6.
1332 1654 1373 1659 -

250 1697 321 1725 949.
346 1694 409 1723 tam
432 1694 546 1730 addidi,
569 1694 649 1732 quod
676 1695 771 1723 oratio
794 1694 945 1732 postulare
969 1692 1096 1722 videtur.
1139 1691 1251 1721 Eodem
1269 1691 1303 1720 R.
1323 1691 1373 1720 de-

250 1748 356 1776 ductus
380 1750 440 1782 est,
470 1747 538 1784 qui,
573 1748 606 1774 ut
629 1745 743 1774 hiatum
766 1748 835 1784 post
861 1744 961 1780 „rem“
987 1745 1111 1778 vitaret,
1147 1746 1197 1772 aut
1223 1743 1287 1777 „sui
1310 1741 1372 1771 eri“

251 1802 302 1827 aut
329 1799 390 1833 „eri
414 1795 492 1826 tam“
518 1798 685 1835 proposuit.
738 1797 783 1825 De
806 1796 871 1825 loco
895 1795 1032 1824 adverbii
1056 1805 1083 1823 v.
1108 1794 1144 1823 ad
1168 1793 1276 1831 Amph.
1303 1794 1373 1822 721.

255 1865 288 1869 -
315 1850 441 1887 Speng.:
469 1848 609 1884 „absente
632 1858 682 1877 ero
707 1848 743 1876 ab
765 1845 828 1876 se“.
849 1861 888 1866 —
914 1847 984 1876 950.
1011 1846 1142 1884 Langen.
1157 1845 1248 1873 Beitr.
1269 1855 1298 1882 p.
1313 1844 1373 1872 293

254 1900 374 1939 „quasi“
401 1901 505 1930 voluit.
530 1915 570 1919 —
594 1901 665 1929 951.
689 1899 786 1936 'Pergo
811 1904 841 1927 et
864 1898 999 1927 cruribus
1023 1897 1101 1935 frugi
1123 1906 1226 1925 servus
1249 1895 1376 1924 consulit

252 1952 380 1988 veritus,
411 1963 447 1981 ne
471 1951 645 1981 verberibus
668 1954 699 1980 et
722 1949 912 1988 compedibus
936 1949 1098 1983 afficiatur,
1128 1947 1204 1984 gulse
1228 1951 1258 1975 et
1279 1947 1376 1975 ventri

253 2007 384 2043 ignavae.
399 2019 439 2023 —
458 2004 528 2032 952.
553 2009 604 2032 cor
628 2000 762 2031 modeste
784 1999 891 2038 silum,
915 2011 969 2039 pro
993 2000 1090 2028 animo
1115 1999 1247 2028 modeste
1271 1997 1376 2026 affecto

254 2057 342 2085 nimis
365 2055 482 2084 insolite
507 2054 631 2090 dicitur,
663 2064 717 2082 nec
740 2053 898 2082 admodum
920 2051 1016 2080 simile
1039 2053 1084 2080 est
1107 2050 1174 2079 Ter.
1200 2049 1291 2078 Andr.
1317 2049 1374 2077 33:

258 2103 385 2144 „(artes)
406 2115 479 2143 quas
497 2114 612 2142 semper
635 2105 666 2133 in
689 2108 719 2133 te
743 2103 877 2133 intellexi
900 2104 984 2139 sitas,
1005 2100 1064 2130 fide
1087 2104 1117 2130 et
1139 2099 1375 2130 taciturnitate“.
