<?xml version="1.0" encoding="UTF-8"?>
<!DOCTYPE html PUBLIC "-//W3C//DTD XHTML 1.0 Transitional//EN"
    "http://www.w3.org/TR/xhtml1/DTD/xhtml1-transitional.dtd">
<html xmlns="http://www.w3.org/1999/xhtml" xml:lang="en" lang="en">
 <head>
  <title>
</title>
<meta http-equiv="Content-Type" content="text/html;charset=utf-8" />
  <meta name='ocr-system' content='tesseract 3.04.00' />
  <meta name='ocr-capabilities' content='ocr_page ocr_carea ocr_par ocr_line ocrx_word'/>
</head>
<body>
  <div class='ocr_page' id='page_1' title='image "./comoediaerecensu03plauuoft_0059.png"; bbox 0 0 1596 2478; ppageno 0'>
   <div class='ocr_carea' id='block_1_1' title="bbox 102 220 1212 254">
    <p class='ocr_par' dir='ltr' id='par_1_1' title="bbox 102 220 1212 254">
     <span class='ocr_line' id='line_1_1' title="bbox 102 220 1212 254; baseline -0.002 -7"><span class='ocrx_word' id='word_1_1' title='bbox 102 221 154 253; x_wconf 83' lang='lat' dir='ltr'>III,</span> <span class='ocrx_word' id='word_1_2' title='bbox 173 223 197 254; x_wconf 84' lang='grc'>5,</span> <span class='ocrx_word' id='word_1_3' title='bbox 215 222 317 247; x_wconf 81' lang='lat'><strong>22-—30</strong></span> <span class='ocrx_word' id='word_1_4' title='bbox 606 220 712 247; x_wconf 78' lang='lat' dir='ltr'>Casina.</span> <span class='ocrx_word' id='word_1_5' title='bbox 1177 223 1212 252; x_wconf 86' lang='lat'>51</span> 
     </span>
    </p>
   </div>
   <div class='ocr_carea' id='block_1_2' title="bbox 186 314 1216 464">
    <p class='ocr_par' dir='ltr' id='par_1_2' title="bbox 186 314 1216 464">
     <span class='ocr_line' id='line_1_2' title="bbox 187 314 1072 355; baseline 0 -9"><span class='ocrx_word' id='word_1_6' title='bbox 187 315 307 346; x_wconf 85' lang='lat' dir='ltr'>Malum</span> <span class='ocrx_word' id='word_1_7' title='bbox 333 325 578 355; x_wconf 66' lang='lat' dir='ltr'>pessumumque</span> <span class='ocrx_word' id='word_1_8' title='bbox 602 314 653 345; x_wconf 87' lang='lat' dir='ltr'>hic</span> <span class='ocrx_word' id='word_1_9' title='bbox 679 315 772 346; x_wconf 82' lang='lat' dir='ltr'>modo</span> <span class='ocrx_word' id='word_1_10' title='bbox 796 316 881 347; x_wconf 84' lang='lat' dir='ltr'>intus</span> <span class='ocrx_word' id='word_1_11' title='bbox 904 315 990 355; x_wconf 79' lang='lat' dir='ltr'>apud</span> <span class='ocrx_word' id='word_1_12' title='bbox 1015 325 1072 346; x_wconf 89' lang='lat' dir='ltr'>nos</span> 
     </span>
     <span class='ocr_line' id='line_1_3' title="bbox 186 369 1216 410; baseline 0.002 -10"><span class='ocrx_word' id='word_1_13' title='bbox 186 369 210 399; x_wconf 88' lang='grc' dir='ltr'><strong><em>Τ</em></strong></span> <span class='ocrx_word' id='word_1_14' title='bbox 212 379 254 400; x_wconf 88' lang='lat' dir='ltr'>ua</span> <span class='ocrx_word' id='word_1_15' title='bbox 278 369 396 400; x_wconf 84' lang='lat' dir='ltr'>ancilla</span> <span class='ocrx_word' id='word_1_16' title='bbox 419 369 478 400; x_wconf 88' lang='lat' dir='ltr'>hoc</span> <span class='ocrx_word' id='word_1_17' title='bbox 503 373 598 409; x_wconf 77' lang='lat' dir='ltr'>pacto</span> <span class='ocrx_word' id='word_1_18' title='bbox 623 369 763 400; x_wconf 78' lang='lat' dir='ltr'>exordiri</span> <span class='ocrx_word' id='word_1_19' title='bbox 786 370 903 410; x_wconf 82' lang='lat' dir='ltr'>coepit.</span> <span class='ocrx_word' id='word_1_20' title='bbox 1167 378 1216 402; x_wconf 75' lang='lat'>625</span> 
     </span>
     <span class='ocr_line' id='line_1_4' title="bbox 187 422 974 464; baseline 0.001 -11"><span class='ocrx_word' id='word_1_21' title='bbox 187 422 278 460; x_wconf 88' lang='lat' dir='ltr'>Quod</span> <span class='ocrx_word' id='word_1_22' title='bbox 303 423 387 454; x_wconf 82' lang='lat' dir='ltr'>haud</span> <span class='ocrx_word' id='word_1_23' title='bbox 414 423 554 454; x_wconf 82' lang='lat' dir='ltr'>Atticam</span> <span class='ocrx_word' id='word_1_24' title='bbox 579 423 737 454; x_wconf 86' lang='lat' dir='ltr'>condecet</span> <span class='ocrx_word' id='word_1_25' title='bbox 760 423 974 464; x_wconf 77' lang='lat' dir='ltr'>disciplinam.</span> 
     </span>
    </p>
   </div>
   <div class='ocr_carea' id='block_1_3' title="bbox 188 499 777 592">
    <p class='ocr_par' dir='ltr' id='par_1_3' title="bbox 188 499 777 592">
     <span class='ocr_line' id='line_1_5' title="bbox 544 499 777 540; baseline 0 -10"><span class='ocrx_word' id='word_1_26' title='bbox 544 499 777 540; x_wconf 85' lang='lat' dir='ltr'>Lysidamus</span> 
     </span>
     <span class='ocr_line' id='line_1_6' title="bbox 188 553 421 592; baseline 0 -8"><span class='ocrx_word' id='word_1_27' title='bbox 188 553 270 592; x_wconf 83' lang='lat' dir='ltr'>Quid</span> <span class='ocrx_word' id='word_1_28' title='bbox 295 559 343 584; x_wconf 83' lang='lat' dir='ltr'>est</span> <span class='ocrx_word' id='word_1_29' title='bbox 367 553 421 584; x_wconf 76' lang='lat' dir='ltr'>id?</span> 
     </span>
    </p>
   </div>
   <div class='ocr_carea' id='block_1_4' title="bbox 451 620 1033 716">
    <p class='ocr_par' dir='ltr' id='par_1_4' title="bbox 451 620 1033 716">
     <span class='ocr_line' id='line_1_7' title="bbox 541 620 779 653; baseline 0.008 -2"><span class='ocrx_word' id='word_1_30' title='bbox 541 620 779 653; x_wconf 82' lang='lat' dir='ltr'>Pardalisca</span> 
     </span>
     <span class='ocr_line' id='line_1_8' title="bbox 451 675 1033 716; baseline 0.002 -10"><span class='ocrx_word' id='word_1_31' title='bbox 451 675 560 706; x_wconf 90' lang='lat' dir='ltr'>Timor</span> <span class='ocrx_word' id='word_1_32' title='bbox 584 675 758 716; x_wconf 80' lang='lat' dir='ltr'>praepedit</span> <span class='ocrx_word' id='word_1_33' title='bbox 780 675 870 707; x_wconf 84' lang='lat' dir='ltr'>dicta</span> <span class='ocrx_word' id='word_1_34' title='bbox 893 676 1033 716; x_wconf 84' lang='lat' dir='ltr'>linguae.</span> 
     </span>
    </p>
   </div>
   <div class='ocr_carea' id='block_1_5' title="bbox 188 752 1066 848">
    <p class='ocr_par' dir='ltr' id='par_1_5' title="bbox 188 752 1066 848">
     <span class='ocr_line' id='line_1_9' title="bbox 544 752 778 792; baseline 0.004 -9"><span class='ocrx_word' id='word_1_35' title='bbox 544 752 687 792; x_wconf 83' lang='lat' dir='ltr'>Lysida</span> <span class='ocrx_word' id='word_1_36' title='bbox 698 763 778 784; x_wconf 89' lang='lat' dir='ltr'>mus</span> 
     </span>
     <span class='ocr_line' id='line_1_10' title="bbox 188 806 1066 848; baseline 0.001 -10"><span class='ocrx_word' id='word_1_37' title='bbox 188 806 322 838; x_wconf 84' lang='lat' dir='ltr'>Possum</span> <span class='ocrx_word' id='word_1_38' title='bbox 346 808 429 838; x_wconf 86' lang='lat' dir='ltr'>scire</span> <span class='ocrx_word' id='word_1_39' title='bbox 453 817 511 847; x_wconf 86' lang='lat' dir='ltr'>ego</span> <span class='ocrx_word' id='word_1_40' title='bbox 535 808 619 838; x_wconf 85' lang='lat' dir='ltr'>istuc</span> <span class='ocrx_word' id='word_1_41' title='bbox 643 817 680 838; x_wconf 75' lang='lat' dir='ltr'>ex</span> <span class='ocrx_word' id='word_1_42' title='bbox 704 811 736 838; x_wconf 80' lang='lat' dir='ltr'>te</span> <span class='ocrx_word' id='word_1_43' title='bbox 761 807 838 848; x_wconf 90' lang='lat' dir='ltr'>quid</span> <span class='ocrx_word' id='word_1_44' title='bbox 862 809 969 848; x_wconf 88' lang='lat' dir='ltr'>negoti</span> <span class='ocrx_word' id='word_1_45' title='bbox 994 808 1066 839; x_wconf 80' lang='lat' dir='ltr'>est?</span> 
     </span>
    </p>
   </div>
   <div class='ocr_carea' id='block_1_6' title="bbox 192 883 981 1026">
    <p class='ocr_par' dir='ltr' id='par_1_6' title="bbox 192 883 981 1026">
     <span class='ocr_line' id='line_1_11' title="bbox 537 883 778 915; baseline 0.004 -1"><span class='ocrx_word' id='word_1_46' title='bbox 537 883 778 915; x_wconf 78' lang='lat' dir='ltr'>Pardalisca</span> 
     </span>
     <span class='ocr_line' id='line_1_12' title="bbox 192 937 981 978; baseline 0.003 -10"><span class='ocrx_word' id='word_1_47' title='bbox 192 937 312 969; x_wconf 85' lang='lat' dir='ltr'>Dicam.</span> <span class='ocrx_word' id='word_1_48' title='bbox 359 937 429 968; x_wconf 91' lang='lat' dir='ltr'>Tua</span> <span class='ocrx_word' id='word_1_49' title='bbox 452 937 582 974; x_wconf 74' lang='lat' dir='ltr'>ancilla,</span> <span class='ocrx_word' id='word_1_50' title='bbox 606 948 704 978; x_wconf 84' lang='lat' dir='ltr'>quam</span> <span class='ocrx_word' id='word_1_51' title='bbox 728 943 785 969; x_wconf 85' lang='lat' dir='ltr'>tuo</span> <span class='ocrx_word' id='word_1_52' title='bbox 810 939 906 970; x_wconf 91' lang='lat' dir='ltr'>uilico</span> <span class='ocrx_word' id='word_1_53' title='bbox 931 940 981 970; x_wconf 88' lang='lat' dir='ltr'>uis</span> 
     </span>
     <span class='ocr_line' id='line_1_13' title="bbox 192 991 614 1026; baseline 0 -4"><span class='ocrx_word' id='word_1_54' title='bbox 192 991 276 1022; x_wconf 85' lang='lat' dir='ltr'>Dare</span> <span class='ocrx_word' id='word_1_55' title='bbox 299 1002 442 1026; x_wconf 79' lang='lat' dir='ltr'>uxorem,</span> <span class='ocrx_word' id='word_1_56' title='bbox 467 1002 504 1022; x_wconf 85' lang='lat' dir='ltr'>ea</span> <span class='ocrx_word' id='word_1_57' title='bbox 528 992 614 1022; x_wconf 86' lang='lat' dir='ltr'>intus</span> 
     </span>
    </p>
   </div>
   <div class='ocr_carea' id='block_1_7' title="bbox 543 1068 1220 1165">
    <p class='ocr_par' dir='ltr' id='par_1_7' title="bbox 543 1068 1220 1165">
     <span class='ocr_line' id='line_1_14' title="bbox 543 1068 776 1109; baseline 0.009 -10"><span class='ocrx_word' id='word_1_58' title='bbox 543 1068 776 1109; x_wconf 85' lang='lat' dir='ltr'>Lysidamus</span> 
     </span>
     <span class='ocr_line' id='line_1_15' title="bbox 691 1122 1220 1165; baseline 0.011 -12"><span class='ocrx_word' id='word_1_59' title='bbox 691 1122 774 1160; x_wconf 83' lang='lat' dir='ltr'>Quid</span> <span class='ocrx_word' id='word_1_60' title='bbox 799 1125 906 1155; x_wconf 81' lang='lat' dir='ltr'>intus?</span> <span class='ocrx_word' id='word_1_61' title='bbox 930 1125 1010 1165; x_wconf 89' lang='lat' dir='ltr'>quid</span> <span class='ocrx_word' id='word_1_62' title='bbox 1033 1126 1103 1156; x_wconf 80' lang='lat' dir='ltr'>est?</span> <span class='ocrx_word' id='word_1_63' title='bbox 1169 1134 1220 1159; x_wconf 86' lang='lat'>630</span> 
     </span>
    </p>
   </div>
   <div class='ocr_carea' id='block_1_8' title="bbox 190 1199 903 1349">
    <p class='ocr_par' dir='ltr' id='par_1_8' title="bbox 190 1199 903 1349">
     <span class='ocr_line' id='line_1_16' title="bbox 545 1199 781 1232; baseline 0.008 -2"><span class='ocrx_word' id='word_1_64' title='bbox 545 1199 781 1232; x_wconf 84' lang='lat' dir='ltr'>Pardalisca</span> 
     </span>
     <span class='ocr_line' id='line_1_17' title="bbox 190 1253 903 1295; baseline 0.003 -11"><span class='ocrx_word' id='word_1_65' title='bbox 190 1253 341 1285; x_wconf 85' lang='lat' dir='ltr'>Imitatur</span> <span class='ocrx_word' id='word_1_66' title='bbox 363 1253 523 1285; x_wconf 84' lang='lat' dir='ltr'>malarum</span> <span class='ocrx_word' id='word_1_67' title='bbox 547 1254 664 1286; x_wconf 84' lang='lat' dir='ltr'>malam</span> <span class='ocrx_word' id='word_1_68' title='bbox 688 1255 903 1295; x_wconf 84' lang='lat' dir='ltr'>disciplinam,</span> 
     </span>
     <span class='ocr_line' id='line_1_18' title="bbox 191 1307 719 1349; baseline 0.004 -11"><span class='ocrx_word' id='word_1_69' title='bbox 191 1307 267 1339; x_wconf 92' lang='lat' dir='ltr'>Uiro</span> <span class='ocrx_word' id='word_1_70' title='bbox 291 1318 374 1349; x_wconf 85' lang='lat' dir='ltr'>quae</span> <span class='ocrx_word' id='word_1_71' title='bbox 399 1318 457 1339; x_wconf 90' lang='lat' dir='ltr'>suo</span> <span class='ocrx_word' id='word_1_72' title='bbox 480 1308 719 1340; x_wconf 82' lang='lat' dir='ltr'>interminatur.</span> 
     </span>
    </p>
   </div>
   <div class='ocr_carea' id='block_1_9' title="bbox 543 1385 966 1481">
    <p class='ocr_par' dir='ltr' id='par_1_9' title="bbox 543 1385 966 1481">
     <span class='ocr_line' id='line_1_19' title="bbox 543 1385 779 1426; baseline 0.004 -10"><span class='ocrx_word' id='word_1_73' title='bbox 543 1385 779 1426; x_wconf 85' lang='lat' dir='ltr'>Lysidamus</span> 
     </span>
     <span class='ocr_line' id='line_1_20' title="bbox 759 1439 966 1481; baseline 0 -10"><span class='ocrx_word' id='word_1_74' title='bbox 759 1439 843 1478; x_wconf 85' lang='lat' dir='ltr'>Quid</span> <span class='ocrx_word' id='word_1_75' title='bbox 868 1441 966 1481; x_wconf 79' lang='lat' dir='ltr'>ergo?</span> 
     </span>
    </p>
   </div>
   <div class='ocr_carea' id='block_1_10' title="bbox 193 1510 1057 1710">
    <p class='ocr_par' dir='ltr' id='par_1_10' title="bbox 193 1510 1057 1710">
     <span class='ocr_line' id='line_1_21' title="bbox 542 1510 783 1542; baseline 0.004 -1"><span class='ocrx_word' id='word_1_76' title='bbox 542 1510 783 1542; x_wconf 81' lang='lat' dir='ltr'>Pardalisca</span> 
     </span>
     <span class='ocr_line' id='line_1_22' title="bbox 995 1566 1057 1597; baseline 0 0"><span class='ocrx_word' id='word_1_77' title='bbox 995 1566 1057 1597; x_wconf 84' lang='lat' dir='ltr'>Ah!</span> 
     </span>
     <span class='ocr_line' id='line_1_23' title="bbox 545 1618 1022 1659; baseline 0 -9"><span class='ocrx_word' id='word_1_78' title='bbox 545 1619 779 1659; x_wconf 87' lang='lat' dir='ltr'>Lysidamus</span> <span class='ocrx_word' id='word_1_79' title='bbox 1020 1618 1022 1620; x_wconf 66' lang='grc'>’</span> 
     </span>
     <span class='ocr_line' id='line_1_24' title="bbox 193 1672 373 1710; baseline 0 -6"><span class='ocrx_word' id='word_1_80' title='bbox 193 1672 276 1710; x_wconf 88' lang='lat' dir='ltr'>Quid</span> <span class='ocrx_word' id='word_1_81' title='bbox 301 1673 373 1704; x_wconf 80' lang='lat' dir='ltr'>est?</span> 
     </span>
    </p>
   </div>
   <div class='ocr_carea' id='block_1_11' title="bbox 545 1744 784 1776">
    <p class='ocr_par' dir='ltr' id='par_1_11' title="bbox 545 1744 784 1776">
     <span class='ocr_line' id='line_1_25' title="bbox 545 1744 784 1776; baseline 0.008 -2"><span class='ocrx_word' id='word_1_82' title='bbox 545 1744 784 1776; x_wconf 86' lang='lat' dir='ltr'>Pardalisca</span> 
     </span>
    </p>
   </div>
   <div class='ocr_carea' id='block_1_12' title="bbox 192 1798 969 1883">
    <p class='ocr_par' dir='ltr' id='par_1_12' title="bbox 192 1798 969 1883">
     <span class='ocr_line' id='line_1_26' title="bbox 405 1798 969 1831; baseline -0.002 -1"><span class='ocrx_word' id='word_1_83' title='bbox 405 1798 605 1830; x_wconf 83' lang='lat' dir='ltr'>Interemere</span> <span class='ocrx_word' id='word_1_84' title='bbox 629 1799 659 1830; x_wconf 73' lang='lat' dir='ltr'>ei</span> <span class='ocrx_word' id='word_1_85' title='bbox 681 1800 728 1830; x_wconf 81' lang='lat' dir='ltr'>ait</span> <span class='ocrx_word' id='word_1_86' title='bbox 750 1799 834 1831; x_wconf 88' lang='lat' dir='ltr'>uelle</span> <span class='ocrx_word' id='word_1_87' title='bbox 858 1799 969 1830; x_wconf 83' lang='lat' dir='ltr'>uitam.</span> 
     </span>
     <span class='ocr_line' id='line_1_27' title="bbox 192 1851 343 1883; baseline 0 0"><span class='ocrx_word' id='word_1_88' title='bbox 192 1851 343 1883; x_wconf 82' lang='lat' dir='ltr'>Gladium</span> 
     </span>
    </p>
   </div>
   <div class='ocr_carea' id='block_1_13' title="bbox 413 1924 1081 2019">
    <p class='ocr_par' dir='ltr' id='par_1_13' title="bbox 413 1924 1081 2019">
     <span class='ocr_line' id='line_1_28' title="bbox 547 1924 779 1965; baseline 0.004 -10"><span class='ocrx_word' id='word_1_89' title='bbox 547 1924 779 1965; x_wconf 85' lang='lat' dir='ltr'>Lysidamus</span> 
     </span>
     <span class='ocr_line' id='line_1_29' title="bbox 413 1977 1081 2019; baseline 0.003 -11"><span class='ocrx_word' id='word_1_90' title='bbox 413 1977 503 2015; x_wconf 85' lang='lat' dir='ltr'>Hem,</span> <span class='ocrx_word' id='word_1_91' title='bbox 527 1978 692 2018; x_wconf 78' lang='lat' dir='ltr'>gladium?</span> <span class='ocrx_word' id='word_1_92' title='bbox 716 1979 795 2019; x_wconf 90' lang='lat' dir='ltr'>quid</span> <span class='ocrx_word' id='word_1_93' title='bbox 820 1990 892 2010; x_wconf 82' lang='lat' dir='ltr'>eum</span> <span class='ocrx_word' id='word_1_94' title='bbox 916 1979 1081 2018; x_wconf 78' lang='lat' dir='ltr'>gladium?</span> 
     </span>
    </p>
   </div>
   <div class='ocr_carea' id='block_1_14' title="bbox 108 2077 1223 2197">
    <p class='ocr_par' dir='ltr' id='par_1_14' title="bbox 108 2077 1223 2197">
     <span class='ocr_line' id='line_1_30' title="bbox 191 2077 1223 2112; baseline 0.004 -9"><span class='ocrx_word' id='word_1_95' title='bbox 191 2079 242 2104; x_wconf 81' lang='lat'>628</span> <span class='ocrx_word' id='word_1_96' title='bbox 260 2077 330 2112; x_wconf 82' lang='lat' dir='ltr'>Quid</span> <span class='ocrx_word' id='word_1_97' title='bbox 350 2079 411 2105; x_wconf 78' lang='lat' dir='ltr'>est?</span> <span class='ocrx_word' id='word_1_98' title='bbox 433 2088 545 2112; x_wconf 85' lang='lat' dir='ltr'>possum</span> <span class='ocrx_word' id='word_1_99' title='bbox 564 2079 638 2106; x_wconf 86' lang='grc' dir='ltr'>ΒΙΕ</span> <span class='ocrx_word' id='word_1_100' title='bbox 747 2082 795 2106; x_wconf 85' lang='lat'>631</span> <span class='ocrx_word' id='word_1_101' title='bbox 818 2081 950 2107; x_wconf 80' lang='lat' dir='ltr'>malorum</span> <span class='ocrx_word' id='word_1_102' title='bbox 970 2080 1000 2106; x_wconf 88' lang='grc' dir='ltr'><em>Ε</em></span> <span class='ocrx_word' id='word_1_103' title='bbox 1105 2082 1156 2107; x_wconf 82' lang='grc'>632</span> <span class='ocrx_word' id='word_1_104' title='bbox 1175 2090 1223 2108; x_wconf 76' lang='lat' dir='ltr'>suo</span> 
     </span>
     <span class='ocr_line' id='line_1_31' title="bbox 109 2119 1221 2154; baseline 0.003 -8"><span class='ocrx_word' id='word_1_105' title='bbox 109 2128 178 2154; x_wconf 82' lang='lat' dir='ltr'>quae</span> <span class='ocrx_word' id='word_1_106' title='bbox 196 2119 271 2146; x_wconf 87' lang='grc' dir='ltr'>ΒΙΕ</span> <span class='ocrx_word' id='word_1_107' title='bbox 350 2122 546 2148; x_wconf 82' lang='lat' dir='ltr'>interminatur</span> <span class='ocrx_word' id='word_1_108' title='bbox 565 2123 650 2148; x_wconf 76' lang='lat' dir='ltr'>uitam</span> <span class='ocrx_word' id='word_1_109' title='bbox 732 2123 783 2149; x_wconf 83' lang='lat'>633</span> <span class='ocrx_word' id='word_1_110' title='bbox 802 2124 824 2149; x_wconf 83' lang='lat' dir='ltr'>ei</span> <span class='ocrx_word' id='word_1_111' title='bbox 845 2131 893 2150; x_wconf 80' lang='lat' dir='ltr'>om.</span> <span class='ocrx_word' id='word_1_112' title='bbox 977 2124 1027 2149; x_wconf 81' lang='lat'>634</span> <span class='ocrx_word' id='word_1_113' title='bbox 1047 2122 1123 2150; x_wconf 88' lang='lat' dir='ltr'><strong>SEN.</strong></span> <span class='ocrx_word' id='word_1_114' title='bbox 1142 2124 1221 2150; x_wconf 83' lang='lat' dir='ltr'>Hem.</span> 
     </span>
     <span class='ocr_line' id='line_1_32' title="bbox 108 2162 400 2197; baseline 0 -9"><span class='ocrx_word' id='word_1_115' title='bbox 108 2162 162 2190; x_wconf 76' lang='grc' dir='ltr'>ΡΑ.</span> <span class='ocrx_word' id='word_1_116' title='bbox 182 2163 303 2197; x_wconf 76' lang='lat' dir='ltr'>gladium</span> <span class='ocrx_word' id='word_1_117' title='bbox 324 2163 400 2190; x_wconf 84' lang='lat' dir='ltr'>SEN.</span> 
     </span>
    </p>
   </div>
   <div class='ocr_carea' id='block_1_15' title="bbox 1038 2220 1072 2246">
    <p class='ocr_par' dir='ltr' id='par_1_15' title="bbox 1038 2220 1072 2246">
     <span class='ocr_line' id='line_1_33' title="bbox 1038 2220 1072 2246; baseline 0 -10"><span class='ocrx_word' id='word_1_118' title='bbox 1038 2220 1072 2246; x_wconf 60' lang='lat'>4*</span> 
     </span>
    </p>
   </div>
   <div class='ocr_carea' id='block_1_16' title="bbox 1555 0 1596 2478">
    <p class='ocr_par' dir='ltr' id='par_1_16' title="bbox 1555 0 1596 2478">
     <span class='ocr_line' id='line_1_34' title="bbox 1555 0 1596 2478; baseline 0 0"><span class='ocrx_word' id='word_1_119' title='bbox 1555 0 1596 2478; x_wconf 95' lang='lat' dir='ltr'> </span> 
     </span>
    </p>
   </div>
  </div>
 </body>
</html>
