<?xml version="1.0" encoding="UTF-8"?>
<!DOCTYPE html PUBLIC "-//W3C//DTD XHTML 1.0 Transitional//EN"
    "http://www.w3.org/TR/xhtml1/DTD/xhtml1-transitional.dtd">
<html xmlns="http://www.w3.org/1999/xhtml" xml:lang="en" lang="en">
 <head>
  <title>
</title>
<meta http-equiv="Content-Type" content="text/html;charset=utf-8" />
  <meta name='ocr-system' content='tesseract 3.04.00' />
  <meta name='ocr-capabilities' content='ocr_page ocr_carea ocr_par ocr_line ocrx_word'/>
</head>
<body>
  <div class='ocr_page' id='page_1' title='image "./comoediaerecensu03plauuoft_0118.png"; bbox 0 0 1596 2478; ppageno 0'>
   <div class='ocr_carea' id='block_1_1' title="bbox 330 190 1441 226">
    <p class='ocr_par' dir='ltr' id='par_1_1' title="bbox 330 190 1441 226">
     <span class='ocr_line' id='line_1_1' title="bbox 330 190 1441 226; baseline -0.008 -5"><span class='ocrx_word' id='word_1_1' title='bbox 330 193 386 221; x_wconf 91' lang='lat' dir='ltr'><strong>llO</strong></span> <span class='ocrx_word' id='word_1_2' title='bbox 835 190 926 217; x_wconf 78' lang='lat' dir='ltr'><strong>Plauti</strong></span> <span class='ocrx_word' id='word_1_3' title='bbox 1241 193 1276 226; x_wconf 63' lang='lat' dir='ltr'><strong>nv</strong></span> <span class='ocrx_word' id='word_1_4' title='bbox 1295 194 1320 226; x_wconf 57' lang='grc'><strong>3,</strong></span> <span class='ocrx_word' id='word_1_5' title='bbox 1339 195 1441 220; x_wconf 73' lang='grc'><strong>64-30</strong></span> 
     </span>
    </p>
   </div>
   <div class='ocr_carea' id='block_1_2' title="bbox 324 284 991 377">
    <p class='ocr_par' dir='ltr' id='par_1_2' title="bbox 324 284 991 377">
     <span class='ocr_line' id='line_1_2' title="bbox 771 284 991 326; baseline 0.005 -10"><span class='ocrx_word' id='word_1_6' title='bbox 771 284 796 316; x_wconf 89' lang='lat' dir='ltr'>L</span> <span class='ocrx_word' id='word_1_7' title='bbox 805 295 891 326; x_wconf 85' lang='lat' dir='ltr'><strong>amp</strong></span> <span class='ocrx_word' id='word_1_8' title='bbox 900 295 916 317; x_wconf 79' lang='lat' dir='ltr'><strong>a</strong></span> <span class='ocrx_word' id='word_1_9' title='bbox 925 286 991 318; x_wconf 84' lang='lat' dir='ltr'><strong>dio</strong></span> 
     </span>
     <span class='ocr_line' id='line_1_3' title="bbox 324 339 666 377; baseline -0.009 -7"><span class='ocrx_word' id='word_1_10' title='bbox 324 339 427 370; x_wconf 86' lang='lat' dir='ltr'><strong>Huius</strong></span> <span class='ocrx_word' id='word_1_11' title='bbox 451 349 510 376; x_wconf 69' lang='lat' dir='ltr'><strong>ego</strong></span> <span class='ocrx_word' id='word_1_12' title='bbox 535 348 666 377; x_wconf 85' lang='lat' dir='ltr'><strong>quaero.</strong></span> 
     </span>
    </p>
   </div>
   <div class='ocr_carea' id='block_1_3' title="bbox 780 426 981 460">
    <p class='ocr_par' dir='ltr' id='par_1_3' title="bbox 780 426 981 460">
     <span class='ocr_line' id='line_1_4' title="bbox 780 426 981 460; baseline 0.005 -2"><span class='ocrx_word' id='word_1_13' title='bbox 780 426 981 460; x_wconf 74' lang='lat' dir='ltr'><strong>Melaenis</strong></span> 
     </span>
    </p>
   </div>
   <div class='ocr_carea' id='block_1_4' title="bbox 323 491 1211 587">
    <p class='ocr_par' dir='ltr' id='par_1_4' title="bbox 323 491 1211 587">
     <span class='ocr_line' id='line_1_5' title="bbox 721 491 1211 531; baseline 0.01 -8"><span class='ocrx_word' id='word_1_14' title='bbox 721 491 790 529; x_wconf 90' lang='lat' dir='ltr'><strong>Quo</strong></span> <span class='ocrx_word' id='word_1_15' title='bbox 815 493 909 524; x_wconf 88' lang='lat' dir='ltr'><strong>modo</strong></span> <span class='ocrx_word' id='word_1_16' title='bbox 933 494 1041 531; x_wconf 77' lang='lat' dir='ltr'><strong>igitur.</strong></span> <span class='ocrx_word' id='word_1_17' title='bbox 1067 494 1211 528; x_wconf 83' lang='lat' dir='ltr'><strong>obsecro.</strong></span> 
     </span>
     <span class='ocr_line' id='line_1_6' title="bbox 323 546 1040 587; baseline 0.003 -11"><span class='ocrx_word' id='word_1_18' title='bbox 323 546 410 577; x_wconf 81' lang='lat' dir='ltr'><strong>Haec</strong></span> <span class='ocrx_word' id='word_1_19' title='bbox 433 550 484 576; x_wconf 76' lang='lat' dir='ltr'><strong>est</strong></span> <span class='ocrx_word' id='word_1_20' title='bbox 508 546 604 586; x_wconf 80' lang='lat' dir='ltr'><strong>prior,</strong></span> <span class='ocrx_word' id='word_1_21' title='bbox 627 556 711 587; x_wconf 81' lang='lat' dir='ltr'><strong>quae</strong></span> <span class='ocrx_word' id='word_1_22' title='bbox 735 550 836 586; x_wconf 81' lang='lat' dir='ltr'><strong>nupta</strong></span> <span class='ocrx_word' id='word_1_23' title='bbox 859 558 943 578; x_wconf 89' lang='lat' dir='ltr'><strong>nunc</strong></span> <span class='ocrx_word' id='word_1_24' title='bbox 966 548 1040 579; x_wconf 71' lang='lat' dir='ltr'><strong>est?</strong></span> 
     </span>
    </p>
   </div>
   <div class='ocr_carea' id='block_1_5' title="bbox 319 649 1433 851">
    <p class='ocr_par' dir='ltr' id='par_1_5' title="bbox 319 649 1433 851">
     <span class='ocr_line' id='line_1_7' title="bbox 771 649 988 690; baseline 0 -10"><span class='ocrx_word' id='word_1_25' title='bbox 771 649 988 690; x_wconf 84' lang='lat' dir='ltr'>Lampadio</span> 
     </span>
     <span class='ocr_line' id='line_1_8' title="bbox 1082 703 1231 735; baseline 0 0"><span class='ocrx_word' id='word_1_26' title='bbox 1082 703 1231 735; x_wconf 82' lang='lat' dir='ltr'><strong>Conteris</strong></span> 
     </span>
     <span class='ocr_line' id='line_1_9' title="bbox 319 756 1093 798; baseline 0.003 -11"><span class='ocrx_word' id='word_1_27' title='bbox 319 756 367 788; x_wconf 92' lang='lat' dir='ltr'><strong>Tu</strong></span> <span class='ocrx_word' id='word_1_28' title='bbox 390 759 447 787; x_wconf 81' lang='lat' dir='ltr'><strong>tua</strong></span> <span class='ocrx_word' id='word_1_29' title='bbox 471 767 520 787; x_wconf 83' lang='lat' dir='ltr'><strong>me</strong></span> <span class='ocrx_word' id='word_1_30' title='bbox 545 756 702 789; x_wconf 83' lang='lat' dir='ltr'><strong>oratione.</strong></span> <span class='ocrx_word' id='word_1_31' title='bbox 729 756 851 791; x_wconf 81' lang='lat' dir='ltr'><strong>mulier.</strong></span> <span class='ocrx_word' id='word_1_32' title='bbox 876 758 1026 798; x_wconf 75' lang='lat' dir='ltr'><strong>quisquis</strong></span> <span class='ocrx_word' id='word_1_33' title='bbox 1051 768 1093 789; x_wconf 81' lang='lat' dir='ltr'><strong>es.</strong></span> 
     </span>
     <span class='ocr_line' id='line_1_10' title="bbox 321 810 1433 851; baseline 0.001 -10"><span class='ocrx_word' id='word_1_34' title='bbox 321 810 558 842; x_wconf 84' lang='lat' dir='ltr'><strong>Medioxumam</strong></span> <span class='ocrx_word' id='word_1_35' title='bbox 583 821 681 851; x_wconf 86' lang='lat' dir='ltr'><strong>quam</strong></span> <span class='ocrx_word' id='word_1_36' title='bbox 707 810 800 842; x_wconf 79' lang='lat' dir='ltr'><strong>duxit</strong></span> <span class='ocrx_word' id='word_1_37' title='bbox 822 821 965 845; x_wconf 79' lang='lat' dir='ltr'><strong>uxorem.</strong></span> <span class='ocrx_word' id='word_1_38' title='bbox 989 822 1027 842; x_wconf 88' lang='lat' dir='ltr'><strong>ex</strong></span> <span class='ocrx_word' id='word_1_39' title='bbox 1051 822 1090 842; x_wconf 81' lang='lat' dir='ltr'><strong>ea</strong></span> <span class='ocrx_word' id='word_1_40' title='bbox 1383 824 1433 849; x_wconf 74' lang='lat'><strong>445</strong></span> 
     </span>
    </p>
   </div>
   <div class='ocr_carea' id='block_1_6' title="bbox 318 864 1207 950">
    <p class='ocr_par' dir='ltr' id='par_1_6' title="bbox 318 864 1207 950">
     <span class='ocr_line' id='line_1_11' title="bbox 318 864 1207 906; baseline 0.002 -10"><span class='ocrx_word' id='word_1_41' title='bbox 318 864 404 896; x_wconf 77' lang='lat' dir='ltr'><strong>Nata</strong></span> <span class='ocrx_word' id='word_1_42' title='bbox 427 868 476 896; x_wconf 83' lang='lat' dir='ltr'><strong>est</strong></span> <span class='ocrx_word' id='word_1_43' title='bbox 498 865 579 896; x_wconf 81' lang='lat' dir='ltr'><strong>haec</strong></span> <span class='ocrx_word' id='word_1_44' title='bbox 602 865 704 905; x_wconf 78' lang='lat' dir='ltr'><strong>uirgo,</strong></span> <span class='ocrx_word' id='word_1_45' title='bbox 729 864 970 896; x_wconf 78' lang='lat' dir='ltr'><strong>Alcesimarcho</strong></span> <span class='ocrx_word' id='word_1_46' title='bbox 993 875 1077 906; x_wconf 83' lang='lat' dir='ltr'><strong>quae</strong></span> <span class='ocrx_word' id='word_1_47' title='bbox 1101 867 1207 898; x_wconf 83' lang='lat' dir='ltr'><strong>datur.</strong></span> 
     </span>
     <span class='ocr_line' id='line_1_12' title="bbox 318 918 915 950; baseline -0.002 0"><span class='ocrx_word' id='word_1_48' title='bbox 318 918 366 950; x_wconf 84' lang='lat' dir='ltr'><strong>Ea</strong></span> <span class='ocrx_word' id='word_1_49' title='bbox 387 929 471 950; x_wconf 87' lang='lat' dir='ltr'><strong>uxor</strong></span> <span class='ocrx_word' id='word_1_50' title='bbox 493 919 579 950; x_wconf 85' lang='lat' dir='ltr'><strong>diem</strong></span> <span class='ocrx_word' id='word_1_51' title='bbox 602 918 692 950; x_wconf 76' lang='lat' dir='ltr'><strong>obiit.</strong></span> <span class='ocrx_word' id='word_1_52' title='bbox 737 918 805 949; x_wconf 84' lang='lat' dir='ltr'><strong>Iam</strong></span> <span class='ocrx_word' id='word_1_53' title='bbox 830 919 915 950; x_wconf 81' lang='lat' dir='ltr'><strong>scis?</strong></span> 
     </span>
    </p>
   </div>
   <div class='ocr_carea' id='block_1_7' title="bbox 316 1021 1273 1225">
    <p class='ocr_par' dir='ltr' id='par_1_7' title="bbox 316 1021 1273 1225">
     <span class='ocr_line' id='line_1_13' title="bbox 775 1021 969 1053; baseline 0 -1"><span class='ocrx_word' id='word_1_54' title='bbox 775 1021 969 1053; x_wconf 81' lang='lat' dir='ltr'><strong>Melaenis</strong></span> 
     </span>
     <span class='ocr_line' id='line_1_14' title="bbox 939 1075 1273 1115; baseline 0.006 -9"><span class='ocrx_word' id='word_1_55' title='bbox 939 1075 1046 1107; x_wconf 85' lang='lat' dir='ltr'><strong>Teneo</strong></span> <span class='ocrx_word' id='word_1_56' title='bbox 1069 1076 1154 1107; x_wconf 81' lang='lat' dir='ltr'><strong>istuc</strong></span> <span class='ocrx_word' id='word_1_57' title='bbox 1177 1078 1273 1115; x_wconf 86' lang='lat' dir='ltr'><strong>satis;</strong></span> 
     </span>
     <span class='ocr_line' id='line_1_15' title="bbox 317 1129 1159 1171; baseline 0 -10"><span class='ocrx_word' id='word_1_58' title='bbox 317 1129 379 1161; x_wconf 87' lang='lat' dir='ltr'><strong>Sed</strong></span> <span class='ocrx_word' id='word_1_59' title='bbox 403 1140 462 1169; x_wconf 80' lang='lat' dir='ltr'><strong>ego</strong></span> <span class='ocrx_word' id='word_1_60' title='bbox 487 1129 567 1161; x_wconf 90' lang='lat' dir='ltr'><strong>illud</strong></span> <span class='ocrx_word' id='word_1_61' title='bbox 591 1140 713 1171; x_wconf 78' lang='lat' dir='ltr'><strong>quaero</strong></span> <span class='ocrx_word' id='word_1_62' title='bbox 737 1129 973 1169; x_wconf 74' lang='lat' dir='ltr'><strong>confragosum,</strong></span> <span class='ocrx_word' id='word_1_63' title='bbox 997 1130 1159 1170; x_wconf 85' lang='lat' dir='ltr'><strong>quomodo</strong></span> 
     </span>
     <span class='ocr_line' id='line_1_16' title="bbox 316 1184 1052 1225; baseline -0.001 -10"><span class='ocrx_word' id='word_1_64' title='bbox 316 1184 410 1216; x_wconf 89' lang='lat' dir='ltr'><strong>Prior</strong></span> <span class='ocrx_word' id='word_1_65' title='bbox 434 1185 596 1225; x_wconf 78' lang='lat' dir='ltr'><strong>posterior</strong></span> <span class='ocrx_word' id='word_1_66' title='bbox 618 1185 668 1219; x_wconf 75' lang='lat' dir='ltr'><strong>sit.</strong></span> <span class='ocrx_word' id='word_1_67' title='bbox 692 1184 852 1224; x_wconf 80' lang='lat' dir='ltr'><strong>posterior</strong></span> <span class='ocrx_word' id='word_1_68' title='bbox 875 1184 918 1214; x_wconf 85' lang='lat' dir='ltr'><strong>sit</strong></span> <span class='ocrx_word' id='word_1_69' title='bbox 941 1184 1052 1224; x_wconf 83' lang='lat' dir='ltr'><strong>prior‘?</strong></span> 
     </span>
    </p>
   </div>
   <div class='ocr_carea' id='block_1_8' title="bbox 311 1286 1429 1705">
    <p class='ocr_par' dir='ltr' id='par_1_8' title="bbox 311 1286 1429 1705">
     <span class='ocr_line' id='line_1_17' title="bbox 766 1286 980 1326; baseline 0 -9"><span class='ocrx_word' id='word_1_70' title='bbox 766 1286 980 1326; x_wconf 80' lang='lat' dir='ltr'><strong>Lampadio</strong></span> 
     </span>
     <span class='ocr_line' id='line_1_18' title="bbox 315 1341 1429 1382; baseline 0.002 -11"><span class='ocrx_word' id='word_1_71' title='bbox 315 1341 406 1372; x_wconf 85' lang='lat' dir='ltr'><strong>Prius</strong></span> <span class='ocrx_word' id='word_1_72' title='bbox 432 1341 515 1372; x_wconf 80' lang='lat' dir='ltr'><strong>hanc</strong></span> <span class='ocrx_word' id='word_1_73' title='bbox 538 1341 731 1382; x_wconf 78' lang='lat' dir='ltr'><strong>conpressit.</strong></span> <span class='ocrx_word' id='word_1_74' title='bbox 755 1351 852 1381; x_wconf 83' lang='lat' dir='ltr'><strong>quam</strong></span> <span class='ocrx_word' id='word_1_75' title='bbox 876 1351 1007 1371; x_wconf 84' lang='lat' dir='ltr'><strong>uxorem</strong></span> <span class='ocrx_word' id='word_1_76' title='bbox 1033 1341 1124 1372; x_wconf 82' lang='lat' dir='ltr'><strong>duxit</strong></span> <span class='ocrx_word' id='word_1_77' title='bbox 1147 1341 1291 1379; x_wconf 56' lang='lat' dir='ltr'><strong>domuum</strong></span> <span class='ocrx_word' id='word_1_78' title='bbox 1378 1352 1429 1377; x_wconf 72' lang='lat'><strong>450</strong></span> 
     </span>
     <span class='ocr_line' id='line_1_19' title="bbox 314 1394 1222 1435; baseline 0.001 -10"><span class='ocrx_word' id='word_1_79' title='bbox 314 1394 406 1425; x_wconf 84' lang='lat' dir='ltr'><strong>Prius</strong></span> <span class='ocrx_word' id='word_1_80' title='bbox 431 1395 568 1434; x_wconf 81' lang='lat' dir='ltr'><strong>grauida</strong></span> <span class='ocrx_word' id='word_1_81' title='bbox 591 1395 678 1426; x_wconf 76' lang='lat' dir='ltr'><strong>saeta</strong></span> <span class='ocrx_word' id='word_1_82' title='bbox 701 1399 760 1428; x_wconf 80' lang='lat' dir='ltr'><strong>est.</strong></span> <span class='ocrx_word' id='word_1_83' title='bbox 785 1395 940 1435; x_wconf 81' lang='lat' dir='ltr'><strong>priusque</strong></span> <span class='ocrx_word' id='word_1_84' title='bbox 965 1396 1090 1435; x_wconf 79' lang='lat' dir='ltr'><strong>peperit</strong></span> <span class='ocrx_word' id='word_1_85' title='bbox 1113 1395 1222 1426; x_wconf 81' lang='lat' dir='ltr'><strong>filiam.</strong></span> 
     </span>
     <span class='ocr_line' id='line_1_20' title="bbox 315 1448 1169 1490; baseline 0.001 -11"><span class='ocrx_word' id='word_1_86' title='bbox 315 1448 392 1479; x_wconf 84' lang='lat' dir='ltr'><strong>Eam</strong></span> <span class='ocrx_word' id='word_1_87' title='bbox 417 1453 587 1489; x_wconf 79' lang='lat' dir='ltr'><strong>postquam</strong></span> <span class='ocrx_word' id='word_1_88' title='bbox 614 1450 749 1490; x_wconf 71' lang='lat' dir='ltr'><strong>peperit,</strong></span> <span class='ocrx_word' id='word_1_89' title='bbox 774 1449 870 1480; x_wconf 80' lang='lat' dir='ltr'><strong>iussit</strong></span> <span class='ocrx_word' id='word_1_90' title='bbox 893 1459 1028 1489; x_wconf 82' lang='lat' dir='ltr'><strong>paruam</strong></span> <span class='ocrx_word' id='word_1_91' title='bbox 1053 1450 1169 1489; x_wconf 77' lang='lat' dir='ltr'><strong>proici3</strong></span> 
     </span>
     <span class='ocr_line' id='line_1_21' title="bbox 313 1502 1038 1543; baseline 0 -9"><span class='ocrx_word' id='word_1_92' title='bbox 313 1502 380 1543; x_wconf 82' lang='lat' dir='ltr'><strong>Ego</strong></span> <span class='ocrx_word' id='word_1_93' title='bbox 405 1513 476 1534; x_wconf 87' lang='lat' dir='ltr'><strong>eam</strong></span> <span class='ocrx_word' id='word_1_94' title='bbox 502 1504 637 1543; x_wconf 85' lang='lat' dir='ltr'><strong>proieci;</strong></span> <span class='ocrx_word' id='word_1_95' title='bbox 661 1503 726 1534; x_wconf 83' lang='lat' dir='ltr'><strong>alia</strong></span> <span class='ocrx_word' id='word_1_96' title='bbox 751 1503 866 1534; x_wconf 89' lang='lat' dir='ltr'><strong>mulier</strong></span> <span class='ocrx_word' id='word_1_97' title='bbox 890 1503 1038 1537; x_wconf 76' lang='lat' dir='ltr'><strong>sustulit:</strong></span> 
     </span>
     <span class='ocr_line' id='line_1_22' title="bbox 312 1556 1104 1597; baseline 0 -9"><span class='ocrx_word' id='word_1_98' title='bbox 312 1556 379 1595; x_wconf 73' lang='lat' dir='ltr'><strong>Ego</strong></span> <span class='ocrx_word' id='word_1_99' title='bbox 403 1558 595 1597; x_wconf 85' lang='lat' dir='ltr'><strong>inspectaui.</strong></span> <span class='ocrx_word' id='word_1_100' title='bbox 642 1557 725 1588; x_wconf 87' lang='lat' dir='ltr'><strong>Erus</strong></span> <span class='ocrx_word' id='word_1_101' title='bbox 749 1557 835 1588; x_wconf 87' lang='lat' dir='ltr'><strong>hanc</strong></span> <span class='ocrx_word' id='word_1_102' title='bbox 859 1557 952 1587; x_wconf 78' lang='lat' dir='ltr'><strong>duxit</strong></span> <span class='ocrx_word' id='word_1_103' title='bbox 976 1556 1104 1597; x_wconf 77' lang='lat' dir='ltr'><strong>postibi.</strong></span> 
     </span>
     <span class='ocr_line' id='line_1_23' title="bbox 312 1610 1426 1651; baseline 0 -10"><span class='ocrx_word' id='word_1_104' title='bbox 312 1610 390 1641; x_wconf 84' lang='lat' dir='ltr'><strong>Eam</strong></span> <span class='ocrx_word' id='word_1_105' title='bbox 415 1621 499 1642; x_wconf 89' lang='lat' dir='ltr'><strong>nunc</strong></span> <span class='ocrx_word' id='word_1_106' title='bbox 523 1611 663 1651; x_wconf 77' lang='lat' dir='ltr'><strong>puellam</strong></span> <span class='ocrx_word' id='word_1_107' title='bbox 688 1611 786 1642; x_wconf 82' lang='lat' dir='ltr'><strong>filiam</strong></span> <span class='ocrx_word' id='word_1_108' title='bbox 811 1611 881 1642; x_wconf 81' lang='lat' dir='ltr'><strong>eius</strong></span> <span class='ocrx_word' id='word_1_109' title='bbox 905 1611 1101 1651; x_wconf 83' lang='lat' dir='ltr'><strong>quaerimus.</strong></span> <span class='ocrx_word' id='word_1_110' title='bbox 1374 1621 1426 1646; x_wconf 77' lang='lat'><strong>455</strong></span> 
     </span>
     <span class='ocr_line' id='line_1_24' title="bbox 311 1664 1137 1705; baseline -0.001 -9"><span class='ocrx_word' id='word_1_111' title='bbox 311 1664 394 1702; x_wconf 87' lang='lat' dir='ltr'><strong>Quid</strong></span> <span class='ocrx_word' id='word_1_112' title='bbox 418 1676 503 1696; x_wconf 89' lang='lat' dir='ltr'><strong>nunc</strong></span> <span class='ocrx_word' id='word_1_113' title='bbox 527 1666 644 1705; x_wconf 75' lang='lat' dir='ltr'><strong>supina</strong></span> <span class='ocrx_word' id='word_1_114' title='bbox 667 1675 777 1696; x_wconf 89' lang='lat' dir='ltr'><strong>susum</strong></span> <span class='ocrx_word' id='word_1_115' title='bbox 802 1665 928 1696; x_wconf 79' lang='lat' dir='ltr'><strong>caelum</strong></span> <span class='ocrx_word' id='word_1_116' title='bbox 953 1665 1137 1705; x_wconf 80' lang='lat' dir='ltr'><strong>conspicis?</strong></span> 
     </span>
    </p>
   </div>
   <div class='ocr_carea' id='block_1_9' title="bbox 308 1759 1218 1898">
    <p class='ocr_par' dir='ltr' id='par_1_9' title="bbox 308 1759 1218 1898">
     <span class='ocr_line' id='line_1_25' title="bbox 763 1759 959 1791; baseline -0.005 -1"><span class='ocrx_word' id='word_1_117' title='bbox 763 1759 959 1791; x_wconf 80' lang='lat' dir='ltr'><strong>Melae-uis</strong></span> 
     </span>
     <span class='ocr_line' id='line_1_26' title="bbox 308 1812 1218 1853; baseline 0 -9"><span class='ocrx_word' id='word_1_118' title='bbox 308 1812 321 1844; x_wconf 94' lang='lat'>1</span> <span class='ocrx_word' id='word_1_119' title='bbox 345 1823 430 1844; x_wconf 89' lang='lat' dir='ltr'><strong>nuuc</strong></span> <span class='ocrx_word' id='word_1_120' title='bbox 454 1813 517 1844; x_wconf 85' lang='lat' dir='ltr'><strong>iam</strong></span> <span class='ocrx_word' id='word_1_121' title='bbox 540 1814 636 1847; x_wconf 81' lang='lat' dir='ltr'><strong>istuc.</strong></span> <span class='ocrx_word' id='word_1_122' title='bbox 661 1823 726 1853; x_wconf 87' lang='lat' dir='ltr'><strong>quo</strong></span> <span class='ocrx_word' id='word_1_123' title='bbox 751 1813 969 1853; x_wconf 78' lang='lat' dir='ltr'><strong>properabas;</strong></span> <span class='ocrx_word' id='word_1_124' title='bbox 993 1812 1072 1843; x_wconf 88' lang='lat' dir='ltr'><strong>nihil</strong></span> <span class='ocrx_word' id='word_1_125' title='bbox 1097 1823 1218 1851; x_wconf 75' lang='lat' dir='ltr'><strong>moror-3</strong></span> 
     </span>
     <span class='ocr_line' id='line_1_27' title="bbox 308 1867 576 1898; baseline -0.004 0"><span class='ocrx_word' id='word_1_126' title='bbox 308 1867 399 1898; x_wconf 84' lang='lat' dir='ltr'><strong>Nunc</strong></span> <span class='ocrx_word' id='word_1_127' title='bbox 423 1867 576 1898; x_wconf 83' lang='lat' dir='ltr'><strong>intellexi.</strong></span> 
     </span>
    </p>
   </div>
   <div class='ocr_carea' id='block_1_10' title="bbox 304 2022 1420 2099">
    <p class='ocr_par' dir='ltr' id='par_1_10' title="bbox 304 2022 1420 2099">
     <span class='ocr_line' id='line_1_28' title="bbox 391 2022 1420 2058; baseline 0.003 -10"><span class='ocrx_word' id='word_1_128' title='bbox 391 2023 440 2048; x_wconf 80' lang='lat'><strong>447</strong></span> <span class='ocrx_word' id='word_1_129' title='bbox 460 2023 513 2048; x_wconf 73' lang='lat' dir='ltr'><strong>iam</strong></span> <span class='ocrx_word' id='word_1_130' title='bbox 533 2031 581 2049; x_wconf 87' lang='lat' dir='ltr'><strong>om.</strong></span> <span class='ocrx_word' id='word_1_131' title='bbox 599 2022 646 2049; x_wconf 86' lang='grc' dir='ltr'><strong>ΙΕ</strong></span> <span class='ocrx_word' id='word_1_132' title='bbox 704 2023 755 2048; x_wconf 65' lang='lat'><strong>443</strong></span> <span class='ocrx_word' id='word_1_133' title='bbox 773 2022 924 2055; x_wconf 72' lang='lat' dir='ltr'><strong>consi-ango</strong></span> <span class='ocrx_word' id='word_1_134' title='bbox 945 2032 1003 2049; x_wconf 80' lang='lat' dir='ltr'><strong>sum</strong></span> <span class='ocrx_word' id='word_1_135' title='bbox 1020 2023 1050 2050; x_wconf 87' lang='lat' dir='ltr'><em>E</em></span> <span class='ocrx_word' id='word_1_136' title='bbox 1112 2025 1162 2050; x_wconf 79' lang='lat'><strong>449</strong></span> <span class='ocrx_word' id='word_1_137' title='bbox 1180 2024 1217 2051; x_wconf 75' lang='lat' dir='ltr'><strong>nit</strong></span> <span class='ocrx_word' id='word_1_138' title='bbox 1235 2028 1263 2050; x_wconf 75' lang='lat' dir='ltr'><strong>et</strong></span> <span class='ocrx_word' id='word_1_139' title='bbox 1280 2025 1420 2058; x_wconf 78' lang='lat' dir='ltr'><strong>posterior</strong></span> 
     </span>
     <span class='ocr_line' id='line_1_29' title="bbox 304 2064 1332 2099; baseline 0.004 -10"><span class='ocrx_word' id='word_1_140' title='bbox 304 2066 354 2090; x_wconf 80' lang='lat'><strong>456</strong></span> <span class='ocrx_word' id='word_1_141' title='bbox 373 2065 539 2098; x_wconf 77' lang='lat' dir='ltr'><strong>suppinasus</strong></span> <span class='ocrx_word' id='word_1_142' title='bbox 560 2066 704 2092; x_wconf 80' lang='lat' dir='ltr'><strong>iamcelum</strong></span> <span class='ocrx_word' id='word_1_143' title='bbox 724 2064 786 2098; x_wconf 85' lang='grc' dir='ltr'><strong>ΒΕ,</strong></span> <span class='ocrx_word' id='word_1_144' title='bbox 807 2066 923 2099; x_wconf 75' lang='lat' dir='ltr'><strong>suppiua</strong></span> <span class='ocrx_word' id='word_1_145' title='bbox 942 2071 1007 2092; x_wconf 73' lang='lat' dir='ltr'><strong>sunu</strong></span> <span class='ocrx_word' id='word_1_146' title='bbox 1025 2067 1051 2093; x_wconf 65' lang='lat' dir='ltr'><strong>iix</strong></span> <span class='ocrx_word' id='word_1_147' title='bbox 1069 2067 1129 2093; x_wconf 66' lang='lat' dir='ltr'><strong>ceux</strong></span> <span class='ocrx_word' id='word_1_148' title='bbox 1148 2068 1166 2093; x_wconf 91' lang='lat' dir='ltr'><em>I</em></span> <span class='ocrx_word' id='word_1_149' title='bbox 1232 2068 1282 2093; x_wconf 76' lang='lat'><strong>457</strong></span> <span class='ocrx_word' id='word_1_150' title='bbox 1300 2067 1332 2093; x_wconf 80' lang='lat' dir='ltr'><strong>Ei</strong></span> 
     </span>
    </p>
   </div>
   <div class='ocr_carea' id='block_1_11' title="bbox 305 2114 832 2165">
    <p class='ocr_par' dir='ltr' id='par_1_11' title="bbox 305 2114 832 2165">
     <span class='ocr_line' id='line_1_30' title="bbox 305 2114 832 2165; baseline 0.004 -7"><span class='ocrx_word' id='word_1_151' title='bbox 305 2133 357 2159; x_wconf 68' lang='lat' dir='ltr'><strong>iam</strong></span> <span class='ocrx_word' id='word_1_152' title='bbox 377 2141 425 2160; x_wconf 82' lang='lat' dir='ltr'><strong>om.</strong></span> <span class='ocrx_word' id='word_1_153' title='bbox 446 2133 472 2159; x_wconf 84' lang='grc' dir='ltr'><em>Β</em></span> <span class='ocrx_word' id='word_1_154' title='bbox 541 2134 632 2160; x_wconf 73' lang='lat' dir='ltr'><strong>istunc</strong></span> <span class='ocrx_word' id='word_1_155' title='bbox 651 2133 712 2165; x_wconf 81' lang='grc' dir='ltr'><strong>ΒΕ,</strong></span> <span class='ocrx_word' id='word_1_156' title='bbox 731 2114 794 2160; x_wconf 56' lang='lat' dir='ltr'><strong>mse</strong></span> <span class='ocrx_word' id='word_1_157' title='bbox 812 2134 832 2160; x_wconf 90' lang='lat'><em>1</em></span> 
     </span>
    </p>
   </div>
   <div class='ocr_carea' id='block_1_12' title="bbox 1532 0 1596 2478">
    <p class='ocr_par' dir='ltr' id='par_1_12' title="bbox 1532 0 1596 2478">
     <span class='ocr_line' id='line_1_31' title="bbox 1532 0 1596 2478; baseline 0 0"><span class='ocrx_word' id='word_1_158' title='bbox 1532 0 1596 2478; x_wconf 95' lang='lat' dir='ltr'><strong> </strong></span> 
     </span>
    </p>
   </div>
  </div>
 </body>
</html>
