1596 2478
124 190 160 221 11,
180 192 203 223 3,
223 192 323 218 29—39
585 192 764 219 Menaechmi.
1184 194 1242 222 185

581 286 781 318 Messenio

337 339 372 370 In
398 339 602 380 Epidamno?
648 340 709 378 Qui
734 340 796 372 huc
819 341 850 372 in
875 339 957 372 hanc
981 340 1092 372 urbem
1117 340 1241 381 pedem,

124 393 193 424 Nisi
218 393 322 432 hodie,
345 404 522 434 numquam
546 395 631 426 iutro
655 394 786 426 retulit?

588 470 771 502 Erotium

826 525 894 563 Eia,
919 524 1053 557 delicias
1077 526 1166 557 facis.
1192 534 1241 559 374

122 577 166 609 Mi
190 577 408 616 Menaechme,
432 579 509 620 quin
534 578 661 617 amabo,
686 579 713 610 is
737 580 844 610 intro?
868 579 921 611 hic
945 579 1004 610 tibi
1029 580 1091 611 erit
1110 580 1240 611 rectius.

539 655 821 687 Menaechmus

122 708 211 740 Haec
228 709 358 750 quidem
377 709 491 749 edepol
511 713 598 741 reete
623 710 769 750 adpellat
793 720 862 741 meo
888 721 936 742 ine
960 710 1075 741 mulier
1099 711 1238 741 nomine.

123 762 224 794 Nimis
249 764 356 801 miror,
380 763 458 805 quid
483 764 544 795 hoc
567 765 610 795 sit
634 765 752 804 negoti.

577 834 781 867 Messenio

782 889 917 921 Oboluit
940 891 1166 931 marsuppium

122 943 204 974 Huic
228 944 323 979 istuc,
349 943 437 984 quod
460 943 571 975 habes.

539 1013 822 1046 Menaechmus

544 1069 652 1110 Atque
676 1069 793 1109 edepol
817 1072 851 1101 tu
875 1080 925 1101 me
949 1071 1105 1102 monuisti
1129 1070 1239 1111 probe.

119 1122 236 1162 Accipe
266 1123 340 1154 duni
366 1123 443 1162 hoc;
477 1124 542 1154 iam
571 1122 676 1161 scibo,
708 1127 815 1154 utrum
846 1123 926 1155 haec
954 1135 1004 1156 me
1034 1135 1125 1165 mage
1155 1128 1242 1156 amet

835 1189 874 1210 an
901 1179 1132 1219 marsuppium.

586 1249 775 1282 Erotium

118 1302 238 1334 Eamus
262 1303 358 1341 intro,
382 1306 418 1334 ut
441 1303 669 1344 prandeamus.

526 1375 557 1406 M
567 1386 582 1406 e
592 1386 610 1405 11
621 1385 640 1406 a
649 1386 665 1406 e
675 1385 692 1406 c
701 1375 722 1406 h
732 1386 760 1406 m
770 1387 791 1407 u
800 1387 814 1407 s

639 1429 726 1460 Bene
750 1440 848 1461 uocas
859 1442 865 1469 ;
888 1435 956 1462 tam
979 1432 1086 1471 gratia
1109 1435 1168 1463 est.
1190 1441 1241 1466 380

593 1500 772 1532 Erotium

119 1552 184 1585 Cur
207 1554 307 1594 igitur
333 1565 384 1586 me
408 1554 468 1586 tibi
491 1555 616 1586 iussisti
640 1565 780 1595 coquere
804 1555 927 1587 dudum
951 1556 1148 1597 prandium?

537 1626 819 1659 Menaechmus

118 1679 208 1720 Egon
233 1683 266 1711 te
290 1680 371 1711 iussi
396 1680 558 1720 coquere?
1552 1693 1574 1722 Μ

580 1752 767 1784 Erotium

592 1804 700 1845 Certo,
724 1806 783 1838 tibi
807 1810 841 1838 et
864 1808 1011 1848 parasito
1034 1811 1099 1839 tuo.
1553 1803 1574 1855 J

538 1877 571 1908 M
580 1887 596 1908 e
605 1888 625 1908 n
634 1887 654 1908 a
663 1887 680 1909 e
690 1877 734 1908 ch
744 1888 797 1909 mu
806 1889 821 1909 s

118 1929 211 1968 Quoi,
228 1930 359 1969 malum,
379 1932 546 1971 parasito?
582 1930 679 1964 Certo
700 1932 781 1964 haec
799 1933 916 1964 mulier
933 1943 996 1964 non
1015 1937 1128 1965 sanast
1145 1934 1236 1965 satis.
1552 1935 1573 1963 1¹2

186 2051 236 2076 374
256 2050 301 2076 hia
321 2049 342 2076 C
410 2051 459 2076 376
479 2051 581 2084 apellat
600 2051 621 2077 C
686 2053 736 2078 377
756 2051 835 2078 MES.
855 2051 944 2078 Nimis
963 2051 990 2078 Β
1050 2053 1141 2079 minor
1160 2052 1181 2079 C

119 2093 249 2119 obuoluit
318 2093 369 2119 378
388 2092 448 2118 ME.
469 2094 540 2119 istuc
560 2095 633 2127 quod
653 2095 738 2120 habes
758 2099 840 2127 atque
859 2094 886 2120 Β
951 2096 1001 2120 379
1020 2095 1083 2121 cibo
1103 2095 1124 2122 C
1188 2097 1235 2121 381
1534 2131 1537 2135 .

119 2144 161 2162 me
181 2136 231 2162 tibi
251 2144 294 2162 me
315 2135 337 2164 C
405 2137 454 2162 382
473 2136 571 2170 Egone
641 2137 691 2163 383
709 2137 782 2163 malo
1552 2137 1554 2171 Ι
