1596 2478
299 180 361 209 218
812 177 902 204 Plauti
1183 179 1216 213 v,
1236 181 1261 213 2,
1283 180 1415 206 loo—115

713 272 996 306 Menaechmus

299 325 393 357 Haud
419 326 501 357 male
524 326 622 357 illanc
646 327 768 365 amoui3
798 337 882 358 nunc
913 327 997 360 hunc
1017 331 1123 367 petam
1146 329 1414 369 inpurissumum,

298 380 484 411 Barbatum.
510 380 684 412 tremulum
709 381 894 418 Tithonum,
919 381 1028 422 Cygno
1052 383 1105 423 qui
1131 382 1218 414 cluet
1242 387 1344 423 patre.
1363 392 1414 417 840

299 434 347 465 Ita
370 434 447 465 mihi
471 435 617 474 inperas,
648 438 684 466 ut
714 445 772 475 ego
805 435 900 468 huius
924 436 1070 468 membra
1091 440 1191 478 atque
1215 447 1289 468 ossa
1314 440 1413 477 atque

1009 494 1106 522 artua

299 542 510 574 Conminuam
534 543 590 575 illo
615 543 770 584 scipione,
793 554 887 584 quem
911 545 980 585 ipse
1004 544 1125 576 habet?

789 603 917 635 Senex

1121 646 1259 678 Dabitur
1284 646 1412 685 malum,

295 699 346 731 Me
370 699 501 740 quidem
525 700 551 731 si
576 701 724 740 attigeris
747 704 805 732 aut
828 701 854 731 si
878 701 1010 741 propius
1033 701 1075 732 ad
1101 711 1149 732 me
1173 701 1357 733 accesseris.

715 771 996 804 Menaechmus

297 825 437 862 Faciam,
462 825 549 866 quod
573 825 677 857 iubes:
703 826 840 857 securim
859 826 986 867 capiam
1008 827 1183 866 ancipitem
1202 830 1302 867 atque
1327 826 1413 858 hunc

1009 890 1117 911 senem

295 934 373 965 Osse
396 933 451 965 fini
476 933 638 966 dedolabo
663 933 832 966 assulatim
855 934 1032 966 uiscerans.
1362 942 1413 967 845

789 1005 920 1037 Senex

295 1059 469 1091 Enimuero
493 1059 572 1090 illud
598 1059 892 1100 praecauendumst
914 1063 1013 1100 atque
1038 1058 1294 1090 adcurandumst
1323 1058 1411 1090 mihi.

295 1112 379 1145 Sane
403 1123 461 1153 ego
479 1113 570 1145 illum
590 1117 710 1151 metuo,
735 1117 771 1144 ut
790 1114 942 1152 minatur,
966 1123 1006 1145 ne
1025 1112 1101 1153 quid
1122 1112 1204 1144 male
1223 1112 1305 1144 faxit
1323 1112 1410 1144 mihi.

712 1181 991 1213 Menaechmus

292 1234 397 1267 Multa
420 1235 496 1267 mihi
520 1236 662 1276 inperas,
686 1235 811 1276 Apollo.
857 1234 951 1267 Nunc
974 1245 1077 1276 equos
1101 1235 1230 1266 iunctos
1252 1234 1346 1266 iubes

293 1288 418 1330 Capere
443 1300 492 1321 me
515 1289 702 1328 indomitos,
725 1289 859 1328 feroces,
884 1293 982 1330 atque
1005 1289 1039 1320 in
1059 1299 1191 1320 currum
1209 1288 1410 1327 inscendere,

293 1342 336 1375 Ut
356 1353 414 1384 ego
432 1343 518 1375 hunc
537 1347 702 1384 proteram
720 1344 846 1376 leonem
862 1343 1018 1381 uetulum,
1037 1343 1188 1381 olentem,
1210 1343 1409 1375 edentulum.

292 1397 361 1429 Iam
385 1397 499 1430 adstiti
522 1399 554 1430 in
578 1408 723 1436 currum3
759 1399 823 1430 iam
847 1398 919 1429 lora
941 1401 1055 1436 tene03
1087 1398 1152 1428 iam
1181 1397 1348 1430 stimulum
1376 1397 1410 1429 in

1005 1455 1144 1483 manust.
1357 1459 1407 1486 851

291 1507 395 1546 Agite,
420 1507 506 1547 equi,
529 1506 664 1538 facitote
689 1506 816 1538 sonitus
840 1505 1034 1545 ungularum
1058 1505 1233 1546 adpareat3

291 1560 396 1593 Cursu
420 1561 517 1592 celeri
543 1560 639 1592 facite
664 1559 782 1593 inflexa
805 1561 848 1592 sit
872 1559 989 1601 pedum
1014 1559 1198 1600 pernicitas.

790 1628 912 1660 Senex

292 1683 393 1715 Mihin
419 1684 509 1724 equis
533 1684 653 1715 iunctis
676 1683 824 1714 minare?

716 1752 986 1785 Menaechmus

864 1807 956 1845 Ecce,
983 1807 1108 1848 Apollo,
1132 1807 1238 1839 denuo

359 1914 409 1939 839
428 1912 479 1938 SE.
499 1911 525 1938 B
592 1920 654 1937 amo
674 1911 767 1937 uinum
789 1909 813 1936 Ο
878 1912 969 1942 petam
990 1917 1039 1935 om.
1109 1910 1160 1935 880
1179 1908 1299 1935 titanum
1320 1917 1408 1942 cycno

293 1959 459 1989 prognatum
480 1958 558 1988 putre
645 1955 692 1979 841
714 1952 829 1978 menbra
848 1951 872 1977 Β
953 1953 1004 1978 843
1022 1960 1127 1985 propus
1145 1951 1168 1977 0
1249 1952 1300 1977 844
1318 1951 1408 1977 securi

343 1999 452 2031 cupiam
473 1997 499 2023 Β
559 1998 609 2022 844
628 2005 667 2029 sq.
687 1996 760 2022 hunc
780 1996 943 2021 Senemosse
1001 1995 1051 2020 845
1070 1994 1179 2020 uiscera
1237 1994 1289 2021 846
1307 1993 1409 2019 adeum

292 2041 356 2067 (111111
375 2041 398 2067 si
417 2041 450 2071 Β,
471 2040 573 2066 ηάοιιτίἱ
592 2038 681 2064 dumsi
702 2038 723 2064 G
799 2039 850 2064 850
868 2037 971 2063 etulum
1051 2036 1177 2062 edentius
1254 2036 1304 2061 858
1323 2036 1407 2062 facito

292 2086 319 2110 te
338 2083 360 2110 Ο
427 2083 531 2108 inflexu
601 2084 664 2108 suut
682 2080 716 2113 Β,
735 2080 792 2106 sint,
811 2079 832 2106 Ο
902 2081 953 2105 854
969 2086 1078 2113 person.
1097 2087 1146 2106 om.
1217 2087 1332 2105 manare

292 2134 357 2153 acce
375 2125 486 2160 appollo
508 2125 530 2151 Ο
