1596 2478
624 170 766 195 234—334.
1197 170 1258 198 273

135 265 275 298 vendidit,
304 275 356 292 nec
377 275 400 292 v.
423 265 482 292 369
502 265 592 300 eaput
610 272 702 293 mcum
722 261 866 300 allevabit
888 264 943 292 hoc
961 263 1115 301 siguificat,
1139 264 1200 298 sed,
1227 267 1259 291 ut

133 319 175 344 ait
189 316 397 344 Reinhardtius
417 317 445 343 in
465 314 662 343 Studffluund.
675 315 758 343 stud.
774 315 825 352 lp.
845 316 910 348 107,
931 316 992 343 iure
1013 314 1136 342 iurando
1149 324 1178 342 se
1193 315 1257 342 ulli-

133 369 224 405 gabit,
249 366 417 395 nffirnmbit.
463 366 546 400 Quod
571 369 667 394 nutem
694 366 769 393 idem
794 367 840 394 vir
863 366 968 394 doctus
992 366 1021 393 in
1039 365 1145 393 Annal.
1164 365 1259 403 philol

133 419 198 448 CXI
222 429 249 456 p.
280 419 336 446 196
361 417 428 445 inde
452 417 557 450 efficit,
595 417 684 445 fuisse
707 417 777 444 olim
802 426 933 451 scenam,
965 426 1023 454 qua
1055 416 1109 444 hoc
1133 416 1260 444 affirma-

134 471 210 498 verit
234 470 313 504 leno,
343 468 505 505 aliamque,
538 478 596 505 qua
620 468 803 495 mendacium
828 468 891 495 eius
915 467 1096 496 vindicatum
1120 469 1173 502 sit,
1202 478 1260 496 non

133 521 229 549 credo.
278 520 345 548 Haec
369 519 541 552 afferuntur,
566 521 599 546 ut
622 519 782 546 versutiam
806 519 883 546 servi
902 518 1092 554 admiremur,
1117 519 1167 556 qui
1186 518 1260 546 nihil

133 582 191 599 nou
226 571 412 608 prospexerit
447 573 476 597 et
509 570 634 604 caverit3
669 572 703 597 ut
732 580 763 596 re
793 570 858 606 ipsa
885 570 927 597 sic
957 570 1066 597 factum
1099 570 1259 603 videamus,

132 632 190 650 non
214 625 259 649 est
279 631 406 649 necesse.
452 620 508 648 Sed
527 623 620 648 totam
640 620 757 658 Epidici
776 621 974 648 narrationem
994 630 1085 656 quum
1108 620 1260 648 hilaritate

133 677 162 701 et
184 673 336 701 celeritate
361 673 504 708 insignem
530 681 592 699 esse
617 672 743 706 videam,
766 675 838 706 tum,
864 672 889 698 si
913 671 987 698 ordo
1011 674 1042 699 et
1061 672 1260 708 perspicuitas

132 728 293 762 spectatur,
319 725 490 760 magistrum
516 723 684 750 habiturum
709 732 774 750 esse
798 722 887 750 credo
905 722 983 759 quod
1004 723 1162 759 vituperet.
1200 722 1260 750 Hoc

132 777 246 809 vitium,
271 775 475 812 qualecunque
499 778 553 807 est,
577 773 718 801 Goetzius
736 784 752 801 a
772 773 877 801 Plauto
896 773 1099 802 abiudicatum
1119 777 1260 802 retracta-

132 830 190 856 tori
215 827 331 860 tribuit,
356 835 441 862 quem
466 825 540 853 lianc
564 835 680 853 scenam
705 826 734 852 iu
759 825 877 852 brevius
901 825 1083 852 contraxisse
1102 828 1199 862 putat.
1220 840 1261 843 —

135 880 204 907 367.
238 875 357 914 Quippe
381 875 450 912 qui,
481 876 539 904 vid.
565 876 601 903 ad
626 876 731 913 Amph.
759 877 829 903 738.
860 890 900 894 —
929 872 1129 904 ‹linumeraui
1158 876 1260 904 Goetz.

132 933 166 958 ut
191 930 267 963 353;
292 929 350 956 vid.
375 930 473 955 tamen
498 929 570 956 467.
594 942 634 945 —
660 928 730 955 309.
755 923 897 963 allevabit
920 926 1005 961 Pius3
1036 925 1127 963 quasi
1148 928 1206 955 iam
1232 928 1260 955 in

132 980 156 1008 B
179 980 376 1007 emendatum.
433 979 490 1007 Sed
514 983 543 1007 et
566 979 589 1006 B
614 982 642 1006 et
667 978 678 1005 I
703 989 756 1015 per
784 978 858 1005 hauc
886 988 1002 1006 scenam
1032 988 1133 1006 versus
1156 988 1261 1015 parum

133 1035 305 1060 constanter
328 1034 449 1058 servant
473 1033 502 1058 et
524 1030 700 1067 plerumque
724 1030 900 1066 septenariis
919 1029 1067 1065 longiores
1086 1029 1206 1057 fuciunt.
1221 1044 1261 1048 —

135 1084 204 1111 371.
236 1079 387 1111 Uer-sums·
411 1091 500 1119 quum
525 1091 556 1108 re
580 1091 649 1109 vera
672 1081 746 1108 nihil
770 1080 850 1108 aliud
870 1080 926 1108 nisi
945 1079 1084 1107 callidum
1103 1080 1260 1116 significet,

132 1138 230 1162 tamen
254 1134 379 1170 propria
403 1133 431 1160 vi
456 1142 521 1160 eum
546 1132 678 1160 indicare
702 1132 829 1167 videtur,
854 1131 905 1168 qui
929 1140 1008 1168 saepe
1033 1133 1062 1158 et
1086 1131 1172 1159 facile
1197 1141 1261 1159 ver·

132 1186 216 1219 titur,
241 1194 268 1212 v.
293 1184 351 1211 Cic.
377 1183 446 1211 Nat.
472 1183 558 1211 Deor.
583 1183 635 1218 ΙΙΙ,
664 1183 709 1218 10,
736 1185 784 1211 25.
837 1182 946 1210 Merito
976 1183 1068 1219 igitur
1098 1183 1261 1210 arcessitur

132 1236 215 1273 figuli
244 1238 319 1263 rota.
376 1235 500 1262 Versum
530 1234 617 1262 affert
641 1233 761 1262 Servius
785 1233 821 1261 ad
846 1233 914 1261 AEn.
938 1232 976 1268 II,
1002 1234 1051 1261 62.
1098 1233 1259 1271 Compara-

131 1288 210 1315 tivus
234 1287 368 1314 ultimam
393 1286 541 1324 producit,
571 1286 606 1313 cf.
632 1297 658 1313 v.
688 1286 733 1315 10.
758 1284 875 1320 Proleg.
905 1296 934 1322 p.
962 1285 1038 1318 1963
1074 1284 1126 1312 sed
1156 1294 1261 1312 versus

133 1339 248 1366 diaeresi
283 1341 371 1366 caret.
410 1351 445 1355 —
489 1338 558 1365 375,
590 1333 848 1372 prcwmeclitata'm
883 1336 952 1363 olim
987 1335 1184 1364 emendatum.
1220 1350 1261 1354 —

133 1388 286 1424 onustam,
309 1389 461 1425 repletam,
481 1388 516 1416 cf.
536 1388 626 1416 Stich.
641 1389 715 1416 276:
744 1390 900 1421 „onustum
919 1390 1021 1424 pectus
1039 1390 1127 1424 porto
1148 1387 1261 1414 laetitia

132 1439 356 1477 lubentiaque“.
403 1440 486 1477 capt.
504 1441 573 1467 768.
599 1454 638 1457 —
664 1439 734 1466 378.
759 1435 810 1465 ille
833 1436 880 1465 est
901 1438 1013 1466 Camer.
1061 1434 1117 1465 Me
1139 1435 1260 1473 quidem

133 1492 178 1520 ed.
204 1501 264 1529 p1·.;
295 1491 322 1518 I:
357 1501 420 1525 „me
444 1488 632 1528 aequidem“.
690 1490 712 1517 B
742 1499 816 1517 man.
845 1499 902 1517 sec.
937 1489 1004 1524 „Me
1033 1487 1202 1526 equidem“‚
1232 1492 1261 1516 et

132 1543 183 1570 sic.
208 1542 311 1570 Goetz.
341 1557 382 1561 —
413 1544 483 1570 380.
518 1538 639 1578 Amne,
670 1545 699 1568 et
730 1540 865 1578 quidem,
901 1540 936 1568 cf.
967 1540 1073 1577 Amph.
1106 1540 1165 1568 278
1196 1550 1261 1567 cum

133 1597 233 1622 annot.
281 1593 351 1621 Cist.
378 1594 448 1621 325.
494 1593 599 1621 Bacch.
626 1593 697 1620 536.
721 1591 805 1619 Curc.
832 1592 903 1619 571.
939 1591 1018 1619 Pers.
1045 1592 1115 1619 694.
1142 1592 1211 1620 826.

220 1646 290 1673 382.
325 1644 456 1672 Senariis
486 1645 598 1681 scripta
627 1646 672 1671 est
701 1653 801 1678 scena,
836 1653 896 1680 qua
924 1644 1053 1680 primum
1079 1642 1261 1680 Periphanes

133 1706 231 1724 secum
253 1696 396 1733 loquitur,
422 1696 526 1724 deinde
544 1695 710 1732 Apoecides
735 1704 799 1722 cum
818 1694 937 1722 fidicina
955 1694 1084 1722 advenit.
1120 1693 1262 1722 Fidicinae

133 1757 239 1775 nomen
262 1747 292 1774 in
316 1747 437 1775 titulum
462 1747 596 1784 recipere
618 1746 711 1781 nolui,
739 1746 809 1782 quia
832 1745 945 1773 nullum
969 1745 1092 1773 verbum
1116 1745 1195 1773 facit.
1220 1760 1261 1764 —

132 1798 315 1836 Periphanes
338 1797 471 1825 homines
494 1798 538 1825 ait
561 1807 620 1825 non
643 1797 735 1825 solam
759 1797 863 1824 faciem
887 1806 970 1823 suam
989 1796 1019 1823 iu
1038 1796 1158 1833 speculo
1176 1806 1259 1833 spec-

133 1852 198 1877 tare
222 1849 345 1883 debere,
380 1848 432 1876 sed
456 1850 562 1883 etiam,
597 1849 620 1875 si
650 1848 714 1875 fieri
743 1847 854 1885 possit,
889 1848 1033 1881 animum,
1068 1850 1101 1875 ut
1124 1851 1262 1875 accurate

133 1903 286 1938 reputent,
318 1900 419 1937 quales
448 1901 508 1927 sint
537 1899 699 1936 qualesque
722 1899 848 1932 fuerint,
884 1908 919 1925 ne
944 1898 1029 1925 senili
1053 1900 1138 1926 aetate
1162 1898 1261 1926 adule-

133 1954 248 1979 scentes
272 1951 405 1988 culpent,
442 1950 527 1987 quasi
556 1960 615 1978 uon
645 1950 702 1987 ipsi
732 1950 784 1978 illa
814 1952 901 1976 aetate
931 1949 1041 1976 similia
1070 1949 1261 1986 deliquerint.

134 2002 272 2031 Editores
301 2004 510 2039 compararunt
533 2000 650 2029 Seueeae
679 2001 774 2029 locum
800 2000 909 2034 Quaest.
935 2003 993 2028 nat.
1018 1999 1042 2034 I,
1070 2000 1116 2034 17,
1141 2000 1169 2035 4,
1202 2000 1260 2027 ele-

133 2057 252 2090 gantem
275 2063 345 2081 sane
369 2055 398 2080 et
421 2052 552 2088 dignum,
576 2052 627 2089 qui
652 2052 779 2088 legatur.
809 2066 849 2070 —
881 2052 952 2079 384.
981 2047 1046 2079 Sed
1069 2048 1123 2087 qui
1146 2050 1259 2079 Camer.

1024 2107 1057 2133 18
