1596 2478
148 144 184 176 ΙΙ,
204 146 227 175 2,
246 144 347 170 26—33
613 141 793 168 Mostellaria.
1222 140 1260 168 97

627 236 653 267 Τ
661 247 676 266 r
685 246 703 267 a
713 236 776 266 nio

147 293 172 324 T
174 293 318 332 etigistin
326 292 340 322 ἱ)

551 343 854 384 Theopropides

376 399 492 439 Tetigi‚
516 399 657 438 inquam⁷
683 400 716 428 et
741 397 877 437 pultaui.

629 469 776 500 Tranio

928 521 1013 553 Uah!

552 582 858 623 Theopropides

1082 635 1167 673 Quid
1191 636 1262 667 est?

627 696 773 728 Tranio

147 754 231 787 Male
255 754 363 785 hercle
387 752 517 784 factum.

552 810 854 852 Theopropides

564 865 650 904 Quid
673 868 724 897 est
747 865 882 904 negoti?

630 936 780 968 Tranio

909 989 980 1021 Non
1007 993 1114 1031 potest

147 1048 226 1085 Dici⁷
251 1058 347 1088 quam
372 1047 540 1086 indignum
564 1045 689 1076 facinus
713 1045 819 1077 fecisti
844 1048 876 1075 et
899 1044 1030 1075 malum.

552 1104 862 1146 Theopropides

147 1161 232 1200 Quid
255 1162 341 1192 iam‘?

627 1214 777 1246 Tranio

392 1269 489 1309 Fuge,
514 1269 658 1306 obsecro,
683 1272 780 1309 atque
805 1267 944 1299 abscede
968 1268 1009 1299 ab
1033 1268 1179 1299 aedibus.
1211 1277 1263 1302 450

147 1324 234 1364 Fuge
257 1323 330 1361 huc,
354 1323 428 1364 fuge
453 1323 494 1354 ad
518 1334 568 1354 me
593 1324 737 1364 propius.
783 1322 955 1362 Tetigistiu
980 1322 1080 1354 foris?

554 1394 864 1434 Theopropides

149 1449 220 1487 Quo
245 1449 340 1480 modo
363 1448 492 1490 pultare
516 1448 617 1488 potui,
642 1448 668 1478 si
692 1458 757 1478 non
781 1448 969 1487 tangerem?

635 1518 777 1550 Trario

148 1574 303 1606 Occidisti
326 1573 434 1605 hercle

554 1632 864 1674 Theopropides

479 1688 580 1725 Quem
603 1687 797 1719 mortalem?

631 1758 779 1790 Tranio

903 1813 1014 1845 Omnis
1037 1817 1118 1845 tuos.

556 1872 864 1914 Theopropides

150 1928 186 1959 Di
211 1933 241 1959 te
265 1928 408 1968 deaeque
433 1937 544 1959 omnes
567 1927 672 1959 faxint
694 1938 766 1959 cum
791 1929 873 1959 istoc
898 1928 1004 1959 omine
1028 1945 1067 1949 -—

215 2048 264 2072 449
282 2046 396 2072 facimus
417 2047 439 2073 Ο
522 2047 570 2072 451
591 2047 728 2080 propitius
749 2047 771 2073 G
855 2048 905 2073 453
924 2047 1036 2073 hercule
1057 2047 1079 2073 G
1163 2048 1222 2073 onis
1244 2047 1266 2073 0

147 2091 196 2115 454
216 2090 304 2115 omnis
374 2090 452 2115 axint
472 2089 494 2115 G
561 2090 614 2115 isto
634 2090 745 2115 homine

1043 2145 1058 2170 7
