1596 2478
125 191 160 221 ΙΙ,
182 193 204 222 l,
224 192 299 219 2—2.
319 193 334 216 3
619 191 760 224 Epidicus.
1211 195 1246 223 19

124 285 155 316 Is
179 285 261 316 aden
285 288 318 316 tu
344 295 389 316 cs.
434 284 518 322 Quid
545 288 604 322 est,
628 284 714 325 quod
741 284 926 324 pudendum
952 286 1015 316 siet

124 340 249 370 &encre
274 342 384 370 natam
410 338 494 369 bono
518 349 694 378 pauperem
719 338 850 369 domum

127 394 250 424 Ducere
274 403 416 429 uxorem,
440 393 633 433 praesertim
657 402 739 430 eam,
764 403 829 432 qua
853 404 891 423 ex
917 393 977 424 tibi

124 446 354 478 Conmemores
378 447 473 484 hanc,
496 456 580 487 quae
605 446 691 478 domi
716 450 774 481 est,

329 501 444 531 Filiam
470 500 687 541 prognatam?
1202 511 1249 535 175

560 559 704 600 Periph
713 570 758 591 an
767 570 807 591 es

126 604 290 634 Reum-eor
313 603 424 634 filium.

571 655 800 696 Apoecides

483 710 525 741 At,
548 710 601 751 pol
626 720 684 749 ego
708 712 742 740 te
766 710 889 741 credidi

125 765 275 801 Uxorem,
300 775 398 804 quam
422 768 455 796 tu
481 764 637 803 extulisti,
664 764 788 804 pudore
813 765 953 804 exsequi,

126 819 248 856 Quoius
273 819 426 859 quoliens
451 818 636 858 sepulcrum
660 818 764 855 uides,
790 818 958 849 sacrificas

126 873 205 904 Ilico
229 872 313 904 Orco
338 873 463 911 hostiis,
487 883 592 913 neque
617 872 700 904 adeo
724 872 851 911 iniuria,

125 927 209 965 Quia
232 928 357 958 licitum
382 930 430 958 est
454 937 527 958 eam
550 926 611 957 tibi
635 926 777 957 uiuendo
801 926 942 957 uincere.

562 986 812 1026 Periphanes

990 1028 1057 1060 Oh!
1203 1038 1252 1061 180

126 1084 282 1115 Hercules
306 1094 365 1122 ego
390 1082 445 1117 sui.
471 1082 547 1114 dum
571 1083 629 1114 illa
652 1093 777 1114 mecum
801 1082 874 1120 fuit,

125 1138 238 1178 Neque
262 1141 353 1169 sexta
377 1147 534 1168 aerumna
558 1137 708 1168 acerbior
732 1137 865 1168 Herculi
889 1148 986 1178 quam
1012 1137 1069 1168 illa
1093 1137 1170 1168 mihi
1196 1137 1250 1167 ob—

842 1192 971 1222 iectast.

574 1251 600 1282 A
609 1263 629 1292 p
638 1262 656 1282 0
665 1262 681 1283 e
690 1261 707 1282 c
716 1252 725 1282 i
736 1251 781 1282 de
789 1262 803 1281 s

127 1305 246 1336 Pulcra
270 1305 384 1345 edepol
411 1306 470 1336 dos
495 1306 676 1346 pecuuiast.

559 1365 812 1406 Periphanes

653 1419 744 1457 Quae
767 1419 898 1459 quidem
924 1419 977 1459 pol
1002 1429 1065 1449 non
1090 1419 1251 1450 maritast.

185 1565 380 1597 EPIDICUS
406 1564 581 1596 SERUOS.
628 1564 898 1596 PERIPHANES
945 1564 1192 1600 APOECIDES,

567 1624 699 1656 SENES
723 1624 810 1655 DUO
1228 1622 1252 1653 C

590 1709 789 1750 Epidicus

281 1764 334 1795 St!
369 1764 498 1802 Tacete,
522 1763 642 1795 habete
666 1764 810 1794 animum
834 1763 966 1794 bonum.

282 1818 423 1859 Liquido
447 1828 527 1849 exeo
551 1818 696 1858 auspicio
721 1817 817 1855 foras,
842 1818 896 1848 aui
920 1818 1063 1848 sinistra.
1204 1826 1253 1851 185

129 1871 266 1902 Acutum
291 1872 431 1903 cultrum
454 1871 568 1909 habeo,
593 1872 680 1903 senis
704 1872 761 1912 qui
786 1875 970 1903 exenterem
995 1872 1231 1912 marsuppium.

197 1957 242 1981 171
264 1957 311 1989 qui
330 1956 385 1982 Des
405 1955 480 1989 quod
499 1956 526 1982 Β
643 1957 691 1981 172
710 1964 805 1988 parem
824 1955 859 1988 A,
879 1955 927 1981 sed
944 1955 975 1981 in
993 1963 1078 1989 marq.
1098 1964 1251 1989 pauperem

130 1999 177 2024 173
196 1998 304 2025 Ducere
323 2002 350 2024 te
371 2007 485 2024 uxorem
503 1998 537 2025 A.
556 1998 675 2032 Reliqua
691 2000 818 2031 proximo
835 1997 928 2024 versui
947 1998 1033 2024 addit.
1207 1999 1254 2023 174

129 2040 240 2066 domest
257 2041 284 2066 A
338 2043 386 2067 175
406 2041 538 2067 familiam
557 2040 584 2067 B
621 2074 625 2078 Β
641 2042 687 2067 179
706 2041 794 2067 horco
815 2041 893 2066 ostiis
912 2041 939 2066 A
985 2042 1031 2067 183
1050 2041 1208 2066 maritatast
1226 2041 1254 2066 Β

129 2082 267 2109 SERUOS
286 2091 335 2109 om.
354 2084 380 2109 A
486 2083 691 2110 APOECIDES
710 2083 948 2110 PERIPHANES
967 2083 994 2109 B
1106 2084 1155 2109 184
1175 2084 1253 2108 Shate

128 2127 220 2152 taneto
239 2126 340 2152 habete
359 2125 386 2152 B
459 2127 574 2152 184—85
593 2134 647 2152 uno
664 2134 745 2152 versu
763 2126 791 2152 B
863 2128 910 2152 185
930 2126 1004 2152 foras
1025 2127 1149 2160 auspicio

1017 2181 1046 2205 l*
