1596 2478
304 177 364 206 144
815 173 922 200 Casina.

301 271 487 300 addiderunt.
505 284 542 289 —
558 270 628 298 358.
653 265 777 306 Accipe,
801 269 957 299 Chalinum
979 271 1151 308 alloquitur.
1166 284 1203 290 —
1228 272 1298 300 359.
1322 268 1428 307 sortis,

300 323 376 351 hunc
412 321 627 350 nominativum
660 320 830 349 Priscianus
863 320 917 348 VII
947 332 974 358 p.
1001 322 1059 350 751
1092 324 1219 350 testatur
1252 321 1308 350 hoc
1342 331 1430 350 versu

301 373 431 402 laudato.
451 386 493 391 —
517 372 588 400 360.
613 367 715 400 Nulla
729 394 735 400 .
751 394 756 400 .
772 393 778 399 .
792 369 883 400 modo
907 372 1081 400 Cleostratae
1107 376 1185 401 recte
1208 372 1317 401 tribuit
1338 372 1372 408 B,
1395 375 1430 401 ut

301 425 390 452 etiam
409 423 496 460 Seyff.
516 422 622 450 Philol.
636 422 735 450 XXIX
755 432 784 460 p.
805 423 875 451 388.
896 437 936 442 —
961 423 1033 451 361.
1061 419 1150 459 Quod
1171 423 1251 452 Cam.
1271 438 1312 443 —
1330 423 1430 460 Olym-

300 476 361 512 pio.
385 475 468 503 cuius
491 475 575 510 prior
599 483 738 502 uumerus
763 475 870 509 evenit,
902 476 1011 502 sortem
1036 475 1066 502 in
1089 474 1220 503 sitellam
1243 475 1431 503 coniecturus

301 526 338 554 de
362 534 441 553 more
465 525 538 553 bene
561 524 618 552 sibi
641 527 791 562 precatur,
817 524 868 552 sed
893 535 996 562 preces
1020 526 1213 563 interrumpit
1231 524 1431 554 adversarius.

305 575 437 612 ‚,tuum“‚
463 576 543 613 quod
563 585 599 604 ex
618 575 723 604 ultima
748 575 862 612 syllaba
883 575 1086 604 antecedentis
1104 576 1185 604 vocis
1203 575 1278 604 male
1302 577 1432 614 repetita

304 631 402 656 ortum
426 629 479 662 est,
504 626 541 655 ab
565 626 732 655 editoribus
758 629 826 655 ante
854 626 1015 662 „Magnum
1039 624 1168 655 malum“
1195 626 1369 664 ponebatur,
1398 629 1432 655 ut

301 681 382 707 totus
415 687 519 706 versus
548 677 718 715 Olympioni
753 677 890 715 daretur,
926 678 1061 715 quamvis
1089 677 1158 706 talis
1186 687 1283 706 sermo
1311 679 1432 707 minime

303 729 427 758 Latinus
451 731 538 758 esset.
568 743 611 748 —-
641 729 711 757 363.
740 735 831 757 meane
859 726 932 757 dum
962 728 1145 764 Priscianus,
1180 729 1231 766 qui
1254 729 1291 765 11,
1315 739 1344 767 p.
1371 730 1430 758 590

302 780 379 809 hunc
413 790 530 809 versum
564 780 661 808 affert.
729 779 898 817 Impudeuti
933 789 1018 808 servo
1053 789 1130 808 nova
1163 780 1259 808 oritur
1292 781 1430 818 suspicio,

302 842 338 859 ne
362 832 437 860 forte
461 841 525 860 sors
549 831 734 869 Olympionis
757 834 818 859 tam
841 831 916 859 levis
939 832 992 867 sit,
1027 833 1060 859 ut
1088 840 1172 868 aquae
1203 831 1318 860 innatet
1340 833 1372 859 et
1395 831 1431 860 ab

303 892 351 917 eo,
388 884 438 920 qui
472 885 567 911 sortes
602 882 724 917 educat,
760 882 879 919 agnosci
914 882 1019 920 possit.
1095 881 1258 910 Levissima
1292 881 1431 911 arborum

302 944 411 970 genera
440 933 567 971 exempli
597 943 686 961 causa
714 942 847 968 sumens,
882 933 977 961 vereri
1008 942 1038 960 se
1068 933 1111 961 ait
1144 942 1180 961 ne
1207 930 1351 970 populna
1379 931 1434 962 aut

303 982 435 1022 abieyna
457 985 505 1013 sit.
563 984 648 1019 Quod
672 979 863 1022 interpretes
878 983 993 1020 dicunt,
1027 993 1168 1021 quernam
1195 993 1258 1012 esse
1282 983 1431 1019 debuisse,

303 1045 408 1074 parum
438 1035 665 1064 considerarunt
699 1036 788 1063 etiam
823 1044 963 1072 quercum
999 1044 1082 1072 aquae
1117 1035 1258 1063 innatare.
1316 1034 1432 1064 Praene-

304 1088 398 1115 Stiuas
427 1087 548 1124 quidem
579 1089 673 1114 sortes
704 1086 840 1114 novimus
870 1087 899 1114 in
930 1086 1036 1115 robore
1070 1086 1233 1123 insculptas
1267 1086 1360 1114 fuisse
1393 1086 1431 1122 (v.

304 1137 363 1166 Cic.
388 1138 553 1173 Divin.11,
585 1139 641 1172 41,
673 1133 742 1173 85),
778 1137 831 1165 sed
861 1146 897 1165 ex
931 1147 1011 1174 aqua
1043 1137 1109 1165 tolli
1140 1137 1243 1165 solitas
1278 1147 1341 1165 esse
1374 1147 1432 1167 nou

302 1190 446 1217 novimus.
494 1190 564 1224 Quae
589 1199 623 1216 cx
647 1188 745 1216 sitella
769 1197 852 1225 aquae
878 1188 967 1226 plena
991 1187 1205 1224 educebantur,
1239 1198 1274 1216 ex
1297 1189 1433 1226 graviore

303 1241 436 1273 materia,
461 1239 543 1268 velut
567 1250 602 1267 ex
626 1243 714 1273 testa,
739 1239 853 1268 fuerint
875 1249 994 1267 necesse
1017 1242 1070 1268 est.
1090 1254 1132 1259 —
1153 1241 1223 1268 365.
1248 1239 1432 1277 Principium

303 1300 407 1319 versus
431 1295 603 1329 corruptum
627 1294 680 1319 est.
727 1289 758 1318 Si
779 1288 880 1327 ‚‚Age“
902 1299 1004 1318 verum
1029 1294 1081 1326 est,
1109 1290 1216 1325 ‚‚caue“
1243 1290 1347 1319 falsum
1372 1293 1431 1326 est;

304 1342 532 1379 exspectabatur
559 1352 638 1377 „rem
662 1339 844 1370 ordiamur“.
892 1342 924 1369 In
949 1341 972 1369 B
996 1342 1092 1379 prima
1116 1341 1256 1370 litteraA
1274 1345 1379 1378 postea
1402 1343 1432 1370 in

304 1393 328 1421 E
353 1396 465 1421 mutata
487 1396 540 1427 est,
565 1396 595 1421 et
617 1392 804 1421 Camerarius
825 1390 947 1428 „Euge“
969 1392 1071 1428 edidit,
1095 1395 1130 1421 ut
1152 1393 1274 1421 mutatis
1297 1393 1432 1430 personis

304 1443 508 1472 antecedentia
537 1443 708 1482 Olympioni
743 1443 845 1479 daret3
880 1443 931 1472 sed
965 1453 1030 1472 cum
1065 1444 1119 1472 hoc
1153 1453 1258 1481 parum
1293 1445 1433 1472 convenit

307 1494 432 1530 ‚,caue“;
468 1505 560 1532 quare
583 1495 736 1524 Acidalius
769 1492 870 1531 ,‚cate“
902 1494 1007 1523 voluit.
1063 1495 1155 1523 Immo
1183 1494 1360 1531 Lysidamus
1383 1504 1432 1523 ne-

305 1556 384 1574 cesse
414 1551 460 1575 est
489 1547 563 1575 hanc
592 1547 790 1584 suspicionem
820 1547 891 1574 item
921 1549 955 1574 ut
984 1545 1109 1574 alteram
1138 1555 1164 1574 v.
1191 1546 1250 1574 359
1275 1547 1431 1583 respuerit.

304 1598 400 1632 Quare
424 1595 533 1635 ΛΡΜ-(μ’
561 1599 684 1634 scripsi,
720 1598 766 1626 cui
802 1597 896 1625 minus
920 1595 1101 1625 confidenter
1129 1604 1148 1626 α
1177 1604 1226 1625 me
1255 1596 1366 1626 addidi.
1391 1611 1433 1616 -

303 1645 391 1677 ambo
415 1649 498 1677 Both.
526 1664 563 1668 —
588 1646 705 1677 Eccerc
729 1659 789 1677 rem
814 1649 921 1677 factam
946 1657 1009 1676 esse
1033 1647 1188 1685 significat,
1212 1658 1238 1676 v.
1266 1648 1303 1676 ad
1322 1647 1430 1686 Amph.

306 1700 375 1728 550.
391 1714 430 1718 —
449 1700 519 1728 366.
546 1707 654 1737 aequa.
679 1701 757 1728 Ante
777 1709 865 1737 quam
887 1702 982 1728 sortes
1001 1699 1159 1734 ducuntur,
1185 1698 1336 1736 aequandae
1353 1701 1431 1735 sunt,

303 1761 330 1779 v.
355 1750 413 1780 Cic.
439 1751 554 1780 Cornel.
587 1749 706 1787 (Ascon.
735 1761 764 1788 p.
799 1749 885 1784 lon:
923 1749 1011 1785 „dum
1047 1750 1146 1778 sitella
1180 1749 1327 1785 defertur,
1363 1750 1432 1779 dum

304 1805 462 1838 aequautur
485 1805 590 1837 sortes,
620 1801 688 1830 dum
713 1802 832 1830 sortitio
856 1800 920 1829 fit‘·.
977 1801 1108 1830 Divinat.
1133 1801 1155 1836 Ι,
1185 1801 1232 1837 18,
1257 1801 1310 1829 34:
1349 1810 1432 1836 „ora-

304 1852 384 1887 culn,
419 1862 478 1880 non
508 1863 556 1888 ea,
593 1862 658 1890 quae
694 1854 818 1890 mquatis
853 1851 985 1880 sortibus
1019 1850 1200 1881 ducuntur“.
1261 1851 1434 1889 AEquantur

306 1907 418 1938 autern,
448 1907 482 1931 ut
512 1913 596 1941 aequa
620 1903 750 1932 omnium
773 1904 899 1932 sortium
924 1903 1057 1932 condicio
1081 1906 1110 1932 et
1133 1913 1200 1940 spes
1224 1903 1273 1931 sit.
1331 1902 1378 1931 Sic
1402 1903 1433 1931 in

303 1954 388 1982 Iliad.
413 1954 470 1990 111,
501 1955 560 1983 316
591 1958 621 1982 et
645 1954 712 1989 VII,
750 1955 805 1983 181
833 1955 1044 1982 concutiuntur
1072 1957 1167 1982 sortes
1199 1955 1229 1982 in
1252 1953 1351 1991 galea3
1385 1953 1432 1982 hic

305 2015 423 2042 quoque
457 2009 553 2034 sortes
588 2007 616 2034 in
650 2005 752 2034 sitella
787 2005 999 2034 concutiuntur
1036 2005 1098 2034 sive
1138 2004 1314 2040 turbantur,
1353 2004 1433 2042 quod

304 2066 408 2085 munus
431 2066 521 2085 senex
544 2057 629 2084 uxori
654 2055 754 2084 tradit.
787 2071 828 2075 —
864 2056 934 2084 367.
969 2052 1141 2091 deuotabit,
1173 2055 1294 2084 devotas
1322 2055 1432 2091 reddit,

304 2117 403 2136 sacras
426 2108 471 2136 dis
495 2108 612 2142 inferis;
637 2107 672 2136 cf.
697 2106 771 2135 Non.
797 2117 826 2145 p.
847 2108 896 2142 98,
921 2108 972 2145 qui
995 2115 1086 2144 prave
1112 2104 1293 2142 „deuorare“
1319 2106 1431 2142 scribit,
