1596 2478
307 173 346 200 30
818 169 908 194 Plauti
1213 169 1263 202 111,
1282 171 1306 202 s,
1325 171 1427 196 25—40

304 263 429 304 Edepol
454 273 493 295 ne
516 264 611 294 istam
637 263 774 303 temperi
799 265 899 301 gnato
922 265 978 294 tuo

305 316 422 348 Sumus
448 317 673 357 praemercati.

740 386 989 428 Periphanes

716 440 801 478 Quid
824 441 910 472 iam?

752 511 978 553 Apoecides

953 565 1038 602 Quia
1061 565 1144 596 dixit
1167 565 1245 596 mihi

304 618 370 650 lam
395 618 517 650 dudum
541 629 575 650 se
598 618 682 650 alius
705 622 797 650 tuum
822 618 943 650 uidisse
967 618 1021 650 hic
1044 618 1155 650 filium.

304 672 397 703 Hauc
421 672 537 713 edepol
561 683 628 704 rem
653 672 846 713 adparabat.

739 742 988 783 Periphanes

830 796 967 828 Planum
992 796 1102 828 hercle
1125 796 1187 828 hoc
1209 797 1340 838 quidem
1364 801 1424 829 est.

753 867 977 908 Apoecides

304 921 352 953 Ne
376 925 411 953 tu
435 921 535 953 habes
559 931 686 952 seruom
710 921 900 962 graphicum
926 925 959 952 et
982 921 1150 961 quantiuis
1174 922 1268 962 preti.
1374 931 1426 955 410

304 974 375 1006 Non
400 978 513 1006 carust
535 985 615 1006 auro
639 978 762 1006 contra.
808 974 851 1006 Ut
875 974 929 1006 ille
952 974 1116 1005 fidicinam

303 1028 417 1060 Facete
441 1028 517 1060 fecit
540 1029 676 1067 nescire,
699 1039 770 1060 esse
793 1033 934 1069 emptam
959 1028 1036 1059 tibil

304 1083 355 1114 Ita
377 1082 586 1114 ridibundam
611 1085 709 1124 atque
733 1082 873 1113 hilaram
897 1082 959 1114 huc
982 1082 1120 1113 adduxit
1143 1082 1249 1114 simul.

738 1153 986 1194 Periphanes

305 1208 433 1246 Mirum,
456 1207 517 1239 hoc
540 1208 595 1250 qui
619 1208 728 1247 potuit
751 1206 830 1238 fieri.

752 1277 975 1319 Apoecides

870 1331 915 1363 Te
939 1342 998 1372 pro
1021 1331 1087 1363 filio

306 1386 482 1418 Facturum
505 1386 588 1417 dixit
611 1397 679 1417 rem
705 1396 776 1417 esse
800 1386 945 1417 diuinam
970 1386 1067 1423 domi,
1375 1395 1426 1420 415

304 1440 389 1478 Quia
411 1440 531 1472 Thebis
559 1440 668 1472 saluos
691 1440 835 1471 redierit.

740 1510 765 1541 P
773 1521 790 1542 e
798 1521 813 1541 r
820 1511 830 1541 i
838 1521 857 1551 p
865 1509 886 1541 h
893 1520 914 1542 a
921 1521 941 1542 n
949 1521 965 1541 e
973 1521 988 1542 s

868 1564 1003 1596 Rectam
1026 1565 1155 1596 institit.

750 1635 973 1676 Apoecides

304 1689 383 1720 Inde
407 1699 500 1721 orsus
523 1689 570 1720 illi
595 1689 684 1728 dixit,
710 1689 903 1721 conductam
928 1699 996 1720 esse
1020 1699 1102 1723 eam.

305 1742 395 1780 Quae
419 1743 471 1774 hic
494 1743 740 1774 administraret
763 1744 804 1775 ad
829 1754 896 1774 rem
920 1743 1063 1775 diuinam
1087 1742 1156 1774 tibi.

304 1796 373 1837 Ego
397 1797 464 1828 illic
488 1807 538 1828 me
562 1800 671 1828 autem
695 1797 742 1828 sic
765 1797 1014 1835 adsimulabam,
1038 1797 1133 1838 quasi

303 1850 448 1882 Stolidus
472 1851 547 1891 sim;
571 1851 709 1882 bardum
734 1861 784 1882 me
808 1850 974 1882 faciebam.

371 1969 422 1994 40ss
441 1971 568 2002 tempore
642 1970 693 1995 408
711 1969 780 1995 alius
800 1969 872 1995 uisse
951 1970 1000 1994 409
1019 1969 1105 1995 Plane
1182 1969 1234 1995 412
1252 1968 1354 1994 Facete
1373 1976 1424 1994 om.

303 2012 353 2036 414
371 2011 424 2036 hoe
443 2012 517 2044 quod
571 2012 620 2037 416
638 2020 693 2044 sqq.
712 2014 841 2044 quattuor
857 2020 953 2037 versus*
971 2011 1087 2037 omissos
1106 2011 1136 2037 in
1156 2012 1277 2045 Μαι-91110
1295 2011 1375 2037 habet
1390 2010 1424 2036 B.

303 2054 354 2078 416
372 2053 459 2079 Recte
532 2055 583 2079 417
605 2054 691 2079 lmtno
710 2055 786 2087 ipsus
866 2054 931 2080 Post
949 2055 1013 2079 41³:
1034 2053 1183 2080 Facturum
1204 2053 1256 2079 hoc
1276 2054 1347 2079 dixit
1364 2061 1423 2079 rem

304 2103 363 2122 esne
382 2096 504 2121 diuinam
524 2097 575 2122 tibi
595 2096 670 2122 domi
739 2097 791 2122 420
809 2096 943 2122 stolidum
963 2096 1144 2122 cumbas-dum
