1561 2473
293 206 353 235 424
765 202 937 230 Menaechrni.

291 300 462 340 pineum-0⁴¹,
487 310 544 328 non
569 310 652 338 opus.
676 315 719 319 —
741 301 811 329 659.
845 297 983 329 occludet
1004 300 1069 330 edd.
1092 316 1132 320 —
1157 302 1227 330 661.
1252 298 1410 338 redimam,

292 353 418 382 vicissim
444 362 545 387 emam,
571 351 606 380 cf.
632 352 702 380 668.
729 367 764 371 —
796 349 886 381 Heus
909 351 1021 380 Camer.
1046 362 1099 380 em.
1152 367 1164 372 -
1195 353 1266 381 662.
1295 349 1410 391 aliquis

292 402 422 439 mcocate,
446 403 482 432 cf.
507 403 543 431 ad
567 402 654 442 Epid.
680 404 749 432 399.

378 456 448 484 663.
477 451 526 483 Ῐιίσ
549 455 718 492 corripitur,
743 455 778 483 cf.
803 454 938 483 Mueller.
964 454 1045 484 Pron.
1070 465 1098 493 p.
1125 455 1184 484 393
1208 466 1251 493 sq.
1276 470 1316 474 —
1340 453 1412 485 Sibi

292 505 439 535 inimicus
462 508 528 542 cet„
553 506 604 544 qui
627 516 657 535 se
680 507 775 534 minus
799 516 886 544 quam
911 509 939 534 te
964 510 1050 534 amat.
1097 506 1168 534 Post
1191 513 1281 542 quam
1300 507 1408 536 hiatur.
1439 543 1448 552 ι

292 559 341 587 R:
375 559 473 596 „quiet
498 557 616 595 quam“.
646 572 687 577 —
717 555 818 592 aetati,
855 559 872 586 i.
897 568 920 585 e.
947 559 1022 592 vitae,
1053 567 1078 584 v.
1105 557 1141 585 nd
1165 557 1250 595 capt.
1275 559 1346 587 879,
1372 573 1408 578 -

292 611 361 639 665.
387 607 478 648 quod,
503 609 539 638 ob
564 608 654 647 quod,
679 619 704 637 v.
730 609 766 638 ud
791 609 897 646 Amph.
919 608 989 637 902.
1015 623 1051 628 —
1077 605 1171 645 uolup
1194 609 1320 646 Pylades
1344 620 1409 647 em„

291 673 318 690 v.
345 662 380 690 ud
406 661 511 699 Amph.
538 662 608 689 951.
632 675 672 680 —
703 661 772 689 667.
801 657 878 689 mihi
901 667 981 695 eam,
1008 660 1042 688 de
1067 661 1222 689 verborum
1247 661 1350 690 ordine
1373 662 1409 691 cf.

292 714 362 742 879.
387 723 454 741 ann.
479 713 516 741 nd
539 712 646 750 Amph.
674 713 742 741 181.
772 727 811 731 --
840 719 904 740 rem
927 719 1060 747 omnem,
1083 712 1119 740 ut
1141 708 1259 748 factum
1283 711 1343 750 est,
1373 713 1408 743 cf.

294 765 367 793 118:
396 774 486 800 „rem‚
511 763 686 802 quidquid“.
711 774 778 792 ann.
804 763 842 792 ad
866 763 971 801 Amph.
997 764 1067 792 959.
1093 779 1132 783 —
1157 765 1226 793 668.
1253 761 1301 793 bis
1323 765 1410 794 tanto

289 813 408 853 pluris,
439 815 530 854 duplo
559 816 665 853 pretio.
700 829 735 834 —
765 822 858 853 quam
888 811 987 851 nole-§⁸3
1022 815 1078 854 ipsi
1103 815 1230 853 eligendi
1255 816 1409 845 arbitrium

291 867 352 897 dat.
398 867 463 896 Bm
491 877 599 905 „quom
622 865 742 901 uoles“;
766 877 826 895 non
849 876 931 904 opus,
959 881 994 886 —
1021 868 1090 896 669.
1109 864 1206 903 prius
1229 867 1307 902 edd..
1332 868 1410 906 qnod

291 921 315 948 si
338 929 439 948 verum
464 922 517 956 est,
541 919 640 947 hiatur
664 919 694 946 in
718 918 834 947 diaeresi
857 921 925 946 auto
948 917 991 946 nt.
1038 917 1198 947 Fleckeis.:
1231 918 1409 955 „deferres“,

292 970 428 1009 Spengel.
464 970 570 999 Philol.
607 970 708 998 XXIII
744 980 772 1007 p.
805 971 879 999 561:
922 970 1073 1007 „pauxillo
1107 968 1219 1007 prius“.
1282 971 1315 999 R.
1346 981 1410 1000 cum

291 1022 413 1051 Bothio:
452 1022 546 1058 „Dedi
576 1021 710 1059 equidem
741 1022 843 1057 illunc,
879 1021 915 1050 ud
940 1021 1134 1060 phrygionem
1158 1024 1191 1051 ut
1214 1022 1322 1058 ferres,
1355 1023 1411 1052 tibi

291 1074 380 1112 paulo
403 1072 516 1112 prius“.
551 1089 592 1093 —
628 1075 698 1102 671.
733 1069 821 1102 Mihi
850 1071 881 1102 tu
908 1073 944 1101 ut
966 1072 1001 1108 C;
1037 1074 1273 1102 coniunctionem
1301 1075 1412 1102 omittit

292 1125 459 1154 Priscianus
482 1124 507 1153 V
529 1135 558 1164 p.
584 1126 660 1161 646,
684 1135 719 1154 ex
743 1134 801 1162 quo
825 1124 890 1153 edd.
916 1125 1049 1162 plerique
1071 1122 1222 1161 reperio-§⁸3
1254 1126 1283 1154 in
1307 1125 1409 1154 arche-

290 1179 362 1216 typo
386 1177 591 1206 Plautium-um
614 1176 698 1205 codd.
723 1176 841 1204 videtur
864 1176 969 1210 fuisse,
999 1176 1078 1214 quod
1102 1176 1135 1205 R.
1159 1177 1274 1214 posuit,
1308 1187 1410 1215 „repe-

293 1227 454 1258 reris“.—
472 1230 542 1258 673.
566 1236 649 1257 nunc
672 1227 698 1258 ie
710 1225 862 1265 postillac
882 1225 980 1265 uideo,
1004 1229 1140 1266 primurn.
1187 1228 1286 1257 Gertz.
1300 1228 1409 1258 voluit':

296 1290 366 1316 „nec
391 1283 412 1309 t.
436 1291 465 1319 p.
489 1278 582 1309 uidi“.
609 1294 645 1300 —
673 1281 744 1308 674.
772 1276 850 1316 Quia
875 1277 1016 1309 commisi
1039 1289 1100 1308 eam
1125 1279 1190 1316 tibi,
1214 1279 1269 1309 hac
1292 1284 1412 1319 arrepta

293 1333 445 1360 occasione
469 1342 514 1360 me
538 1342 571 1360 ea
594 1333 712 1369 privare
735 1331 846 1361 studes.
894 1331 979 1360 Both.
1005 1332 1038 1360 R.
1058 1331 1106 1360 ΒΓ.
1134 1332 1233 1368 „Quae
1256 1331 1409 1360 conmisi“.

295 1399 331 1403 —-
358 1380 500 1420 adfectas
522 1381 618 1419 uiam,
642 1394 668 1412 v.
694 1383 731 1412 ad
748 1383 814 1412 Aul.
832 1384 902 1412 567.
938 1383 1041 1421 Iunge:
1068 1383 1103 1411 ad
1129 1393 1190 1412 eam
1217 1393 1288 1422 rem,
1311 1386 1344 1412 ut
1367 1394 1412 1412 me

294 1435 442 1471 defrudes,
467 1445 531 1473 quae
555 1436 696 1464 commisi.
728 1449 767 1454 -—
797 1435 867 1464 676.
898 1433 966 1464 Nec
989 1433 1016 1463 te
1038 1432 1132 1470 ultro,
1162 1435 1230 1464 hinc
1253 1435 1318 1464 edd.
1343 1438 1412 1474 post

293 1486 432 1524 Pyladem
457 1486 552 1516 Erotii
581 1487 671 1516 verba
696 1487 863 1516 ordiuntur.
921 1486 1114 1525 Interrumpit
1143 1486 1315 1516 Menaechmi
1344 1497 1410 1516 oru-

292 1540 416 1575 tionem,
453 1540 502 1577 qui
527 1550 544 1568 a
569 1538 710 1577 ‚,Neque.
726 1537 874 1576 ..posco“
908 1548 992 1567 orsus
1020 1541 1228 1575 persecuturus
1259 1542 1338 1568 erat:
1365 1543 1413 1575 „et

293 1591 416 1619 alteram
440 1591 495 1620 tibi
523 1591 647 1629 promisi
678 1587 913 1627 pretiosiorem.“
938 1605 980 1609 —
1004 1591 1074 1618 677.
1112 1586 1243 1619 Dedisti
1276 1593 1413 1629 correpta

295 1642 398 1678 media,
423 1652 449 1671 v.
474 1642 590 1678 Proleg.
615 1651 643 1679 p.
669 1642 738 1670 201.
768 1655 808 1660 —
840 1642 910 1670 678.
942 1641 1046 1670 Hiatus
1069 1651 1157 1670 causa
1179 1641 1228 1670 R.:
1256 1641 1412 1678 „habetest

294 1693 445 1721 Mueller.:
484 1695 520 1729 ‚,i‚
543 1694 599 1722 tibi
623 1691 729 1728 habe“,
754 1702 809 1729 ego
833 1693 917 1722 olim:
957 1692 1029 1728 „tibi
1052 1693 1115 1726 tu'‘,
1140 1693 1301 1722 Fleckeis.:
1340 1693 1413 1730 „tibi

293 1744 368 1772 habe
392 1743 485 1774 enm“.
509 1760 550 1764 —
580 1746 649 1774 679.
682 1741 796 1773 loculos
832 1755 884 1773 em.
909 1744 1046 1773 Balbach.
1078 1745 1113 1773 cf.
1147 1745 1216 1773 Hor.
1243 1743 1296 1783 Ep.
1321 1745 1359 1781 11,
1386 1747 1411 1780 1,

297 1797 364 1826 175.
389 1813 429 1816 —
455 1799 524 1826 680.
549 1804 586 1826 ne
607 1793 730 1832 frustra
753 1794 811 1831 sis,
835 1806 860 1825 v.
880 1796 917 1824 nd
929 1795 1034 1834 Amph.
1055 1797 1124 1825 967.
1153 1811 1187 1815 -
1215 1797 1284 1825 681.
1310 1793 1411 1833 despi-

293 1846 385 1885 catui,
410 1849 445 1877 cf.
460 1848 524 1877 Cns.
543 1850 610 1877 177.
634 1863 675 1867 —
699 1849 769 1877 682.
793 1844 915 1884 frustra
938 1855 970 1876 es
993 1848 1027 1876 R.
1052 1858 1106 1876 em.
1153 1848 1236 1877 Hunc
1261 1851 1290 1876 et
1314 1849 1412 1886 proxi·

293 1910 370 1928 mum
395 1911 510 1929 versum
534 1900 651 1938 spurios
674 1902 782 1938 putant
805 1899 953 1929 Sonneub.
979 1902 1007 1927 et
1031 1899 1162 1936 Langen.
1183 1899 1267 1928 Stud.
1292 1910 1320 1938 p.
1342 1900 1411 1935 303,

294 1953 343 1981 vix
367 1953 438 1980 iure.
466 1967 501 1971 —
534 1953 604 1981 684.
637 1951 750 1987 „Nimis
774 1951 870 1980 hercle
895 1949 1053 1980 iracunde“
1079 1954 1190 1988 trunsp.
1215 1950 1302 1988 Seyff.
1329 1950 1412 1980 Stud.

293 2014 322 2042 p.
349 2006 374 2032 5.
402 2019 437 2022 —
465 2001 597 2039 tandem,
621 2013 648 2032 v.
666 2003 702 2031 nd
716 2004 798 2032 Asin.
816 2005 883 2032 175.
930 2002 1000 2030 Post
1024 2002 1091 2030 h.v.
1111 2002 1210 2030 hiatur
1234 2003 1262 2030 iu
1287 2002 1410 2031 diaeresi.

295 2070 331 2075 -
359 2052 417 2083 tibi
440 2053 517 2090 (lico,
543 2055 577 2083 cs.
593 2055 670 2090 3703
695 2055 776 2083 abire
800 2055 946 2083 volentem
972 2053 1143 2092 alloquitur.
1177 2069 1204 2073 —
1224 2054 1293 2082 685.
1319 2051 1413 2083 etiam

293 2104 398 2142 audes,
423 2107 458 2135 cf.
483 2106 520 2135 ad
544 2106 625 2134 Asin.
651 2106 721 2134 670.
768 2106 801 2134 R.
827 2105 991 2134 Acidnlium
1015 2109 1145 2134 secutus:
1181 2104 1283 2141 „Redi
1314 2104 1412 2133 Etiam

294 2157 394 2187 astas?
430 2158 555 2186 etiamne
581 2156 701 2185 audes“.
749 2157 827 2186 Brix.
853 2160 932 2185 recte
956 2157 1069 2185 codices
1092 2157 1240 2195 sequitu1·;
1275 2156 1354 2194 quod
1376 2163 1414 2185 ne
