1596 2478
158 160 177 191 Ι,
197 160 220 190 3,
243 159 375 185 141-154
626 158 806 185 Mostellaria.
1239 163 1279 190 85

585 252 848 284 Philolaches

156 316 262 346 Etiam
288 325 373 346 nuuc
397 314 508 346 decem
534 315 639 346 minae
658 315 746 355 apud
765 319 796 346 te
815 320 905 354 sunt3
930 316 981 347 uel
1001 316 1160 347 rationem
1183 319 1278 356 puta:

155 369 301 408 Triginta
326 369 429 400 minas
453 378 511 408 pro
536 369 643 408 capite
668 373 723 400 tuo
749 369 833 400 dedi.

570 453 857 485 Philematium

883 508 948 539 Cur
971 508 1172 549 exprobras?

580 592 847 624 Philolaches

153 655 263 694 Egone
287 655 318 685 id
343 654 546 694 exprobrem,
571 655 624 694 qui
651 654 798 685 mihimet
822 656 916 695 cupio
941 655 973 686 id
999 655 1243 696 obprobrarier,

153 709 220 740 Nee
233 708 412 749 quidquam
425 709 552 747 argenti
564 708 672 740 locaui
686 709 750 740 iam
765 709 819 740 diu
834 720 972 748 usquam
987 720 1091 749 aeque
1106 710 1210 741 bene?
1228 719 1279 744 295

570 793 856 825 Philematium

153 855 249 888 Certo
263 866 331 895 ego.
346 856 432 897 quod
446 859 478 887 te
491 866 575 893 amo,
589 867 723 896 operam
737 866 898 896 nusquam
912 856 1027 887 melius
1041 857 1131 896 potui
1146 867 1277 897 ponere.

581 941 847 973 Philolaches

152 1001 240 1032 Bene
263 1001 364 1040 igitur
386 1001 472 1032 ratio
496 1002 624 1041 accepti
648 1003 748 1040 atque
773 1002 905 1041 expensi
929 1001 1015 1032 inter
1035 1011 1094 1033 nos
1115 1003 1277 1034 conuenit.

152 1055 200 1086 Tu
220 1065 269 1085 me
290 1065 391 1091 amas,
411 1065 469 1094 ego
488 1058 520 1086 te
542 1065 630 1093 amo;
656 1055 772 1086 merito
791 1055 824 1086 id
843 1055 913 1086 fieri
932 1059 1071 1096 uterque
1089 1056 1277 1088 existumat.

153 1109 256 1149 [Haec
280 1109 336 1149 qui
360 1108 514 1149 gaudent,
538 1109 703 1148 gaudeant
727 1112 886 1149 perpetuo
911 1120 969 1141 suo
994 1119 1123 1150 semper
1145 1109 1249 1148 bono;

152 1164 215 1201 Qui
239 1163 396 1201 inuident,
420 1173 460 1193 ne
479 1173 634 1203 umquam
652 1174 765 1209 eorum
789 1164 962 1204 quisquam
987 1163 1136 1195 inuideat
1160 1174 1276 1204 prosus

869 1216 1073 1257 commodis]
1226 1227 1278 1252 300

568 1302 858 1334 Philematium

151 1362 218 1403 Age
243 1361 403 1394 adcumbe
427 1362 536 1402 igitur.
580 1362 669 1394 Cedo
688 1372 806 1402 aquam
823 1362 986 1400 manibus,
1008 1373 1125 1403 puere3
1148 1363 1276 1403 adpone

870 1417 923 1448 hic
947 1417 1142 1455 mensulam3

151 1471 244 1509 Uide,
268 1471 326 1502 tali
350 1470 406 1502 ubi
431 1471 504 1502 sint.
551 1471 612 1503 Uin
638 1471 826 1511 unguenta?

584 1555 839 1587 Philolaches

315 1653 319 1656 ι
658 1615 743 1653 Quid
767 1616 885 1656 opust?
909 1626 982 1646 cum
1005 1619 1113 1646 stacta
1137 1616 1273 1647 adcubo.

99 1709 102 1711 Α
150 1670 213 1702 Sed
232 1674 323 1702 estne
343 1669 395 1701 hic
412 1680 503 1701 meus
523 1669 656 1703 sodalis,
681 1670 736 1711 qui
756 1669 818 1700 huc
837 1669 960 1700 incedit
980 1680 1052 1700 cum
1072 1670 1178 1701 amica
1196 1670 1275 1701 sua‘?

150 1724 181 1755 Is
205 1728 263 1755 est.
299 1723 532 1756 Callidamates
550 1735 623 1756 cum
642 1725 747 1756 amica
764 1734 870 1755 eccum
889 1724 1021 1761 incedit,
1047 1734 1136 1764 euge,
1162 1724 1276 1756 oculus

868 1789 967 1809 meus.

150 1832 358 1864 Conueniunt
369 1831 588 1872 manipulares
603 1843 707 1870 eccos,
717 1832 874 1872 praedam
888 1833 1067 1873 participes
1080 1835 1205 1873 petunt.
1226 1841 1275 1867 305

218 1969 267 1994 294
286 1968 454 2001 oprobarier
503 1969 553 1994 295
573 1971 627 1994 tam
678 1969 728 1994 296
747 1977 833 2001 opera
852 1977 949 1994 manus
970 1977 1052 2002 quam
1106 1969 1156 1994 298
1175 1969 1274 1994 merito

150 2012 177 2037 di
196 2011 255 2037 fieri
276 2011 298 2037 Ο
355 2012 406 2037 299
425 2011 471 2044 qui
491 2018 541 2036 om*
563 2012 583 2036 C
644 2013 694 2037 300
709 2013 837 2044 proximo
853 2012 1039 2044 postponitur.
1098 2011 1187 2038 inuidi
1207 2014 1236 2037 at
1256 2011 1277 2037 C

217 2053 356 2080 commodi
377 2053 399 2079 C
457 2055 505 2079 301
526 2062 593 2087 puer
646 2063 768 2080 mensam
832 2055 882 2080 302
902 2063 970 2088 opus
991 2058 1034 2080 est
1085 2054 1204 2080 PHILO.
1224 2062 1273 2080 om.

149 2097 199 2122 304
218 2105 280 2122 cum
300 2096 389 2122 amica
408 2105 470 2122 cum
541 2098 590 2122 305
610 2097 785 2130 manuplares
855 2100 938 2130 ptunt
959 2097 980 2123 C
