1596 2478
324 173 360 201 1ss
844 169 933 196 Plauti
1258 170 1280 203 Ι,
1300 171 1325 203 2,
1345 171 1446 198 25—37

727 263 1032 304 Stratippocles

744 317 825 349 Tam
850 317 909 349 tibi
933 318 1017 350 istuc
1040 317 1138 350 credo
1163 328 1260 359 quam
1287 318 1374 351 mihi.
1399 328 1446 354 130

776 376 981 417 Epidicus

317 431 447 463 Benene
473 441 574 471 usque
599 430 759 462 ualuisti?

729 494 1035 536 Stratippocles

759 549 784 580 A
809 548 921 580 morbo
945 549 1044 587 ualui,
1069 548 1110 581 ab
1135 549 1244 581 animo
1269 559 1367 590 aeger
1391 549 1445 582 sui.

784 607 981 649 Epidicus

315 663 412 701 Quod
436 663 478 696 ad
502 673 552 695 me
576 662 728 700 adtinuit,
752 672 810 702 ego
835 662 964 700 curaui;
990 661 1078 702 quod
1103 662 1302 694 mandauisti
1327 663 1416 701 mihi,

317 718 568 758 Inpetratumst3
593 720 704 757 empta
727 715 888 753 ancillast,
915 715 1004 756 quod
1029 718 1099 747 tute
1123 716 1164 748 ad
1189 727 1238 749 me
1262 717 1390 749 litteras

319 767 558 800 Missiculabas.

731 821 1035 863 Stratippocles

578 875 754 908 Perdidisti
779 886 906 907 omnem
931 886 1073 917 operam.

784 943 981 985 Epidicus

1108 998 1191 1030 Nam
1215 1000 1269 1040 qui
1295 999 1445 1040 perdidi?

731 1050 1037 1092 Stratippocles

316 1105 402 1143 Quia
426 1115 497 1137 nieo
521 1115 626 1146 neque
650 1108 762 1137 carast
785 1105 876 1137 cordi
900 1116 1005 1146 neque
1030 1106 1148 1146 placet.

785 1164 983 1205 Epidicus

1129 1219 1214 1258 Quid
1238 1219 1377 1257 rettulit,
1398 1229 1446 1254 135

317 1272 399 1304 Mihi
424 1276 597 1312 tantopere
621 1275 654 1304 te
678 1271 834 1304 mandare
859 1276 891 1304 et
915 1273 1046 1304 mittere
1070 1271 1112 1304 ad
1136 1283 1187 1304 me
1212 1273 1395 1314 epistulas?

732 1342 1038 1384 Stratippocles

320 1397 413 1428 illam
438 1396 588 1428 amabam
613 1396 706 1436 olim;
740 1406 827 1428 nunc
851 1397 915 1428 iam
939 1397 1004 1428 alia
1028 1407 1107 1428 cura
1129 1397 1287 1438 inpendet
1311 1399 1445 1438 pectori.

787 1456 986 1496 Epidicus

321 1510 437 1542 Hercle
463 1510 614 1541 miserum
639 1513 698 1548 est,
729 1510 892 1549 ingratum
916 1520 990 1542 esse
1014 1510 1136 1542 homini
1160 1510 1203 1548 id,
1229 1510 1316 1551 quod
1343 1510 1447 1542 facias

1043 1563 1134 1595 bene.

323 1619 391 1657 Ego
415 1617 504 1659 quod
527 1617 609 1649 bene
634 1617 704 1656 feci,
729 1617 813 1648 male
838 1617 915 1656 feci,
947 1617 1026 1658 quia
1049 1627 1140 1649 amor
1165 1617 1305 1649 mutauit
1329 1617 1447 1649 locuni.

734 1676 1039 1718 Stratippocles

321 1730 532 1771 Desipiebam
558 1731 684 1769 mentis,
708 1741 805 1772 quom
828 1731 885 1763 illa
909 1731 1032 1772 scripta
1055 1729 1225 1762 mittebam
1249 1729 1318 1762 tibi.
1404 1739 1452 1765 140

788 1790 986 1831 Epidicus

321 1843 395 1875 Men
421 1844 623 1884 piacularem
647 1847 777 1884 oportet
800 1843 869 1875 fieri
894 1843 935 1875 ob
961 1843 1137 1875 stultitiam
1161 1847 1262 1881 tuam,

325 1897 368 1929 Ut
391 1908 497 1930 meum
521 1901 647 1938 tergum
673 1901 749 1928 tuae
773 1896 936 1928 stultitiae
959 1897 1082 1929 subdas
1107 1896 1364 1929 succidaneum?

396 2017 443 2042 132
461 2016 599 2042 mandasti
678 2017 724 2042 133
744 2017 865 2048 emptast
884 2015 987 2042 ancilla
1066 2016 1114 2041 137
1133 2015 1271 2048 impendit
1343 2016 1392 2041 188
1411 2024 1450 2049 sq.

324 2059 465 2084 hominem
487 2059 516 2084 ld
536 2058 611 2092 quod
631 2058 716 2084 facias
737 2058 805 2084 bene
825 2066 877 2090 ego
897 2058 972 2091 quod
989 2058 1041 2084 feci
1060 2058 1129 2084 bene
1186 2059 1234 2083 140
1253 2057 1314 2084 illas
1332 2058 1450 2092 seriptas

328 2102 374 2127 142
394 2101 523 2127 stultitioe
544 2104 607 2127 tuae
