1596 2478
319 194 379 224 214
833 190 921 217 Plauti
1233 191 1266 223 v,
1288 194 1312 225 2,
1330 192 1432 219 ,ιη-59

319 285 353 318 Si
370 286 437 317 illic
455 286 524 318 siue
542 285 620 316 alibi
637 285 785 318 lubebit‘?
820 286 910 324 Quae
928 286 1019 323 haec,
1039 286 1168 322 malum,
1187 287 1432 328 inpudentiast'?

319 340 391 372 Una
414 350 515 381 opera
538 337 721 380 prohibere,
745 340 786 371 ad
810 350 920 371 cenam
946 350 985 371 ne
1010 341 1188 380 promittat,
1213 341 1367 382 postules,

319 394 408 426 Neue
433 403 626 434 quemquam
651 393 792 434 accipiat
815 394 955 425 alienum
980 394 1065 435 apud
1089 405 1131 426 se.
1176 395 1326 426 Seruiren
1351 395 1409 427 tibi

320 447 468 480 Postulas
491 447 598 478 uiros?
644 447 729 479 Dare
752 458 818 479 una
841 459 941 488 opera
964 458 1098 489 pensum
1124 448 1276 489 postules,

319 502 408 533 Inter
431 500 566 533 ancillas
591 501 703 533 sedere
726 501 850 539 iubeas,
875 501 984 533 lanam
1009 512 1129 534 carere.
1382 512 1434 538 785

748 566 756 583 ¹
781 567 967 598 Matrona

319 620 392 652 Non
415 620 564 662 equidem
589 620 665 652 mihi
689 623 721 652 te
745 620 951 659 aduocatum,
982 625 1083 661 pater,
1113 621 1241 660 adduxi,
1272 622 1327 654 sed
1352 623 1431 654 uiro.

320 674 403 706 Hinc
426 678 503 713 stas,
527 674 606 706 illim
631 684 761 706 causam
785 674 876 706 dicis.

815 728 940 760 Senex

921 782 953 815 Si
977 781 1030 814 ille
1053 783 1130 823 quid
1154 783 1337 825 deliquerit,

320 837 422 869 Multo
445 840 537 869 tanto
561 837 652 868 illum
676 836 848 875 accusabo,
871 847 968 878 quam
992 841 1023 868 te
1047 838 1210 877 accusaui,
1235 838 1383 879 amplius.

321 891 458 929 Quando
475 895 508 923 te
525 895 675 923 auratam
693 896 725 922 et
743 892 895 923 uestitam
914 891 995 922 bene
1013 891 1122 928 habet,
1147 891 1293 930 ancillas,
1319 903 1434 933 penum

321 946 421 978 Recte
439 945 619 986 praehibet,
642 945 756 977 melius
776 955 888 977 sanam
906 949 964 984 est,
986 945 1109 983 mulier,
1133 949 1272 977 mentem
1296 957 1432 978 sumere.

782 999 967 1031 Matrona

319 1054 362 1086 At
383 1053 438 1085 ille
462 1054 608 1095 suppilat
632 1053 709 1085 mihi
733 1064 848 1085 aurum
874 1058 906 1085 et
929 1053 1034 1094 pallas
1058 1064 1096 1085 ex
1119 1054 1202 1085 arcis
1225 1054 1338 1093 domo;
1385 1064 1432 1089 '791

320 1107 372 1140 Me
395 1107 567 1149 despoliat,
591 1118 662 1139 mea
685 1111 878 1140 ornamenta
900 1108 982 1139 clam
1007 1108 1048 1140 ad
1073 1109 1258 1140 meretrices
1281 1108 1416 1150 degerit.

813 1162 940 1194 Senex

323 1215 407 1248 Male
430 1215 517 1254 facit,
541 1217 569 1248 si
591 1217 678 1248 istuc
700 1216 795 1253 facim
819 1217 845 1248 si
869 1227 932 1248 non
957 1216 1044 1255 facit,
1067 1220 1102 1248 tu
1126 1216 1209 1248 male
1232 1216 1324 1255 facis,

324 1269 415 1308 Quae
438 1271 599 1302 insontem
622 1270 798 1302 insimules.

790 1324 975 1356 Matrona

718 1378 804 1417 Quin
827 1379 926 1410 etiam
949 1388 1036 1410 nunc
1057 1378 1157 1410 habet
1180 1378 1309 1420 pallam,
1334 1383 1436 1420 pater,

323 1433 368 1464 Et
396 1434 534 1474 spinter,
563 1433 650 1474 quod
679 1433 721 1465 ad
750 1432 834 1464 hanc
863 1432 1040 1472 detulerat;
1073 1443 1172 1471 nunc,
1201 1434 1278 1474 quia
1308 1433 1435 1472 resciui‚

1034 1486 1143 1519 refert.
1387 1495 1437 1521 795

817 1540 942 1572 Senex

325 1595 390 1626 Iam
415 1606 473 1634 ego
498 1606 536 1626 ex
560 1595 630 1633 hoc,
654 1599 690 1627 ut
713 1594 874 1633 factumst,
899 1595 994 1634 scrib03
1019 1595 1072 1627 ibo
1097 1595 1138 1626 ad
1157 1594 1318 1627 hominem
1338 1598 1436 1636 atque

1035 1648 1201 1690 adloquar.

325 1704 383 1735 Dic
406 1704 448 1734 mi
472 1705 564 1742 istuc,
588 1703 806 1740 Menaechme,
831 1703 917 1744 quod
942 1714 999 1734 uos
1023 1703 1216 1741 dissertatis,
1239 1707 1275 1734 ut
1298 1704 1415 1735 sciam:

323 1757 407 1796 Quid
432 1761 468 1789 tu
492 1758 594 1790 tristis
617 1758 674 1790 es?
698 1757 775 1799 quid
799 1756 855 1788 illa
877 1760 986 1788 autem
1010 1756 1070 1788 abs
1094 1761 1126 1788 te
1149 1757 1234 1788 irata
1257 1757 1406 1789 destitit?

391 1878 438 1903 781
460 1877 525 1904 Siue
594 1876 672 1902 licbit
691 1876 714 1903 G
785 1877 835 1902 783
854 1875 949 1909 Neque
968 1875 994 1901 B
1063 1876 1135 1909 apud
1154 1878 1182 1902 te
1201 1876 1317 1902 seruiriu
1387 1876 1436 1902 '785

324 1929 439 1954 carpere
509 1920 558 1946 786
578 1919 689 1953 quidem
709 1919 792 1944 mittit
814 1919 981 1944 aduocatum
1003 1918 1025 1945 G
1087 1919 1136 1944 787
1156 1918 1208 1945 SE.
1227 1927 1276 1945 om.
1295 1918 1322 1945 Β
1387 1919 1438 1944 ’788

325 1962 376 1988 SE.
397 1962 521 1988 MultoB
574 1965 653 1988 tanta
705 1962 754 1987 789
774 1961 890 1994 nnpillus
910 1970 961 1994 pen
1015 1962 1066 1987 790
1084 1961 1263 1994 perliibentC
1313 1969 1435 1987 sumnam

323 2006 371 2031 791
393 2013 440 2030 sex
459 2004 485 2030 Β
554 2005 622 2031 artis
643 2004 665 2031 Ο
737 2004 820 2030 modo
895 2005 945 2029 792
963 2004 1016 2029 iam
1037 2003 1069 2033 Β,
1089 2005 1154 2030 tiam
1175 2012 1216 2029 nu·
1237 2003 1258 2029 C
1329 2004 1377 2029 794
1397 2004 1436 2029 iu-

324 2047 441 2074 eemules
462 2047 483 2074 G
563 2048 613 2073 795
631 2047 668 2073 Et
686 2054 736 2073 om-
818 2047 868 2072 796
887 2051 918 2071 ut
937 2055 986 2072 υηι.
1006 2045 1032 2071 Β
1117 2049 1159 2072 est
1178 2046 1239 2071 sibe
1259 2046 1435 2071 adhnminvm

325 2090 442 2124 adquem
461 2090 560 2123 loquax·
629 2090 679 2116 798
697 2088 747 2122 Qui
767 2088 789 2115 G
853 2089 939 2114 tutrix
959 2097 988 2115 es
1054 2088 1128 2122 quod
1149 2088 1222 2114 illam
1242 2087 1269 2114 B
1337 2089 1436 2114 iratam
1486 2102 1491 2107 ·

392 2132 520 2159 destituis
539 2131 573 2164 B,
594 2132 741 2158 dedistitus
762 2130 783 2158 C
