1596 2478
653 166 683 191 V.
706 167 775 191 1-8,
1216 167 1274 195 177

160 266 279 297 12—13
309 266 436 302 systema
465 266 602 291 constans
631 273 664 291 ex
695 272 743 290 sex
774 262 902 300 dipodiis
932 261 1062 290 iambicis
1092 263 1120 289 et
1151 261 1272 298 syllaba.

161 317 280 346 14——15
305 315 447 343 trochaici
472 314 589 342 senarii.
650 315 684 342 1ss
710 313 852 342 iambicus
876 313 1017 342 senarius.
1068 313 1189 341 17—18
1213 314 1274 340 tro-

157 368 246 396 chaici
276 366 431 395 octonarii.
496 365 618 394 10—20
646 365 813 393 ten-ameni
842 364 999 393 bacchiaci.
1066 364 1101 392 21
1134 363 1276 392 iambicus

156 419 334 448 octonarius.
391 418 429 446 22
464 419 637 445 tetrameter
660 416 840 444 baccliiacus.
897 416 934 443 23
971 415 1110 444 bacchius
1139 424 1202 443 cum
1234 415 1276 442 di-

157 470 246 509 podia
271 469 402 497 iambica.
450 468 574 497 24-25
599 467 794 505 anapaesticus
818 467 987 495 octonarius
1010 476 1076 495 cum
1099 466 1276 503 septenario.

159 523 196 550 26
222 521 316 549 troch.
331 520 506 549 octonarius.
554 520 591 548 27
617 518 741 547 iambica
759 517 881 555 dipodia
899 527 963 546 cum
978 517 1104 546 dimetro
1116 517 1276 546 trochaico.

160 573 282 601 28-29
303 572 471 600 tetrametri
484 570 640 599 bacchinci.
689 570 727 598 30
745 568 913 597 trochaicus
933 569 1059 597 dimeter
1078 569 1276 597 catalecticus.

161 626 194 652 31
232 623 326 652 trech.
357 623 552 660 septenarius.
619 622 657 649 32
691 623 808 649 tetram.
840 620 1022 648 bacchiacus.
1080 621 1117 648 33
1153 620 1279 648 dimeter

159 675 331 703 bacchiacus
355 684 418 702 cum
448 673 680 712 penthemimere
710 672 844 700 iambico.
904 672 942 700 34
968 674 1142 700 tetrameter
1166 671 1278 700 bacchi-

159 737 236 755 acue.
290 728 327 755 35
352 729 420 753 tetr.
445 725 627 753 baccliiacus.
673 724 845 761 Sequuntur
869 723 986 751 iambici
1009 724 1181 760 septenarii.

248 780 271 806 l.
296 778 453 812 Selenium,
472 775 679 805 Alcesimarchi
701 774 873 810 concubina,
887 774 1077 811 Gymnasium
1097 776 1277 802 meretricem

160 832 189 858 et
213 832 334 857 matrem
359 829 421 856 eius
444 828 539 856 lenam
564 826 688 865 prandio
711 827 834 863 accepit.
881 825 950 854 Cum
979 827 1014 854 iis
1040 826 1171 855 dolorem
1196 836 1279 854 Suum

161 882 364 914 communicat,
389 879 467 917 quod
492 879 527 907 ab
551 889 585 907 eo
610 880 683 912 viro,
708 888 794 915 quem
818 880 903 912 amet,
929 878 986 905 iam
1006 877 1213 906 discedendum
1233 879 1280 913 sit,

161 933 229 969 quia
266 933 289 959 is
323 941 442 959 uxorem
483 931 590 959 ducere
629 932 760 967 cogatur.
840 928 968 957 Primum
1005 939 1119 957 versum
1157 929 1282 958 afferunt

161 984 257 1012 Varro
283 983 314 1011 I».
340 983 372 1011 L.
397 982 459 1018 VII,
485 984 537 1011 98:
577 982 682 1019 „Apud
712 981 850 1009 Plautum
882 980 975 1016 „Quia
1009 989 1063 1016 ego
1098 981 1222 1009 antehac
1252 983 1281 1008 te

162 1035 258 1063 amnui
294 1037 323 1062 et
357 1034 427 1063 mihi
463 1035 583 1062 amicam
614 1043 675 1061 esse
707 1030 804 1060 creui“
837 1033 916 1059 creui
946 1032 1026 1060 ualet
1056 1030 1215 1060 constitui“
1253 1035 1282 1060 et

161 1087 330 1115 Priscianus
354 1086 380 1113 X
403 1096 432 1123 p.
458 1086 533 1113 898:
566 1094 673 1120 „cerno
697 1084 785 1112 crcui.
832 1083 897 1111 Non
921 1084 1015 1111 solum
1039 1084 1115 1111 enim
1139 1084 1170 1110 τὸ
1192 1095 1281 1111 κοσκι-

161 1141 240 1171 νίζων
263 1140 342 1174 κρῖνω
366 1138 407 1165 sic
430 1137 499 1165 facit
523 1136 714 1174 praeteritum,
739 1134 791 1162 sed
815 1135 904 1162 etiam
930 1145 994 1163 cum
1018 1144 1071 1172 pro
1095 1135 1183 1163 video
1208 1136 1281 1163 acci-

162 1191 252 1227 pitur.
308 1189 476 1217 Titinius..
493 1187 636 1215 ,Plautus
660 1188 689 1215 in
713 1186 894 1215 Cistellaria:
930 1186 1000 1215 Cum
1033 1195 1087 1222 ego
1115 1189 1145 1214 te
1175 1187 1280 1220 amani,

162 1252 227 1269 mea
250 1241 411 1279 Antiphila,
442 1243 470 1267 et
496 1239 565 1267 mihi
590 1240 712 1267 amicam
738 1248 802 1265 esse
826 1236 936 1267 creui“.
992 1238 1154 1274 Autiphilae
1177 1248 1281 1266 nomen

164 1293 288 1321 sortasse
312 1303 347 1319 ex
373 1289 548 1325 „autidliac“
575 1293 672 1318 ortum
705 1293 756 1319 est.
789 1305 828 1309 —
863 1291 890 1318 4.
926 1289 973 1318 ire
996 1286 1150 1324 habitum,
1187 1290 1221 1318 cf.
1247 1290 1283 1318 ad

164 1345 230 1373 Aul.
246 1345 315 1373 729.
340 1358 382 1362 —-
406 1344 432 1371 6.
457 1339 576 1370 relicti<
598 1339 697 1373 rebus,
722 1342 807 1371 cflad
823 1341 908 1380 Epid.
924 1342 993 1370 003.
1020 1356 1060 1360 —
1083 1337 1282 1378 frequentem.

164 1396 259 1424 Varro
284 1396 316 1423 L.
336 1395 369 1423 L.
389 1394 452 1426 VII,
479 1395 516 1422 99
545 1392 728 1429 ,‚assiduau1“
756 1395 984 1431 interpretatur;
1009 1403 1060 1420 uec
1083 1395 1181 1421 tamen
1205 1393 1285 1430 quod

165 1457 242 1485 saepe
266 1457 295 1475 sc
319 1447 519 1480 visitaverint,
555 1446 588 1473 iis
618 1447 729 1481 gratias
759 1446 834 1480 agit,
870 1445 919 1472 sed
949 1444 1027 1481 qnod
1057 1444 1112 1472 hoe
1143 1445 1207 1481 ipso
1237 1444 1284 1472 die

165 1500 220 1528 sibi
251 1501 361 1536 praesto
392 1497 511 1525 fuerint.
568 1497 671 1534 Itaque
706 1498 802 1524 minus
831 1498 967 1524 accurate
997 1505 1052 1523 vox
1081 1497 1219 1533 ponitur,
1257 1498 1286 1523 et

166 1552 228 1588 ipse
254 1550 346 1578 Varro
370 1549 467 1577 addit:
497 1549 564 1585 „qui
589 1548 681 1583 adest,
707 1546 878 1582 assitl11us“;
902 1547 978 1575 idem
1004 1546 1142 1584 frequens
1167 1547 1284 1581 dicitur,

166 1605 200 1630 ut
223 1602 408 1639 infrequonS,
439 1601 488 1638 qui
512 1611 570 1628 non
595 1600 692 1634 adest,
716 1599 834 1627 Trucul.
861 1600 929 1627 228.
961 1613 1000 1617 —
1038 1599 1064 1625 7.
1101 1605 1160 1626 uos
1185 1597 1285 1626 addidi

167 1663 268 1681 versus
292 1663 394 1686 causa,
419 1651 524 1689 Speng.
549 1651 612 1679 Res.
638 1662 666 1689 p.
692 1652 751 1679 364
776 1654 825 1678 aut
854 1660 924 1686 „uos
947 1647 1102 1686 magnam“
1128 1652 1180 1678 aut
1201 1660 1287 1687 „per-

167 1702 332 1742 magnam“.
389 1704 421 1731 In
447 1703 470 1731 E
495 1703 531 1731 ab
554 1703 638 1731 initio
662 1703 718 1731 fuit
740 1700 841 1737 „meo“
857 1712 911 1739 pro
934 1700 1017 1737 ,‚eo“‚
1041 1700 1092 1728 sed
1115 1710 1142 1728 m
1162 1711 1287 1735 erasum,

166 1755 485 1791 undeJoergensenius
512 1755 560 1790 „in
579 1753 632 1783 eo“
658 1755 800 1791 scriptum
826 1753 965 1791 putabat3
995 1752 1045 1780 sed
1069 1762 1187 1780 rasuras
1212 1762 1288 1789 saepe

168 1809 232 1845 ipsa
251 1817 352 1835 manus
370 1808 465 1845 prima
483 1807 586 1834 fecisse
603 1806 731 1834 videtur.
749 1820 783 1824 —-
801 1806 828 1833 S.
852 1801 1050 1840 istocpretio,
1075 1804 1131 1832 tali
1150 1804 1287 1842 prandio.

171 1859 263 1887 Varro
279 1859 309 1887 1..
320 1858 352 1887 L.
368 1858 430 1893 VII,
445 1859 498 1886 99:
527 1857 618 1893 „illud
638 1857 715 1894 quod
737 1856 856 1884 eaedem
870 1855 1060 1884 mulierculae
1075 1855 1190 1884 dicunt:
1217 1855 1289 1891 „Pol

169 1911 244 1938 istoc
267 1910 385 1947 quidem
409 1919 461 1937 nos
484 1909 580 1947 pretio
600 1908 739 1946 perfacile
758 1910 802 1936 est
821 1908 1025 1945 frequentare3
1050 1907 1096 1934 Ita
1115 1907 1144 1934 in
1162 1906 1290 1944 prandio

171 1972 223 1989 nos
247 1961 343 1998 lepide
369 1971 400 1988 ac
424 1960 517 1988 nitide
541 1958 708 1996 accepisti“,
732 1962 856 1997 apparet
880 1959 989 1987 dicere:
1015 1958 1101 1986 facile
1121 1960 1167 1986 est
1187 1968 1290 1986 curare

171 2017 203 2041 ut
226 2014 358 2047 assimus,
382 2022 470 2049 quum
494 2015 554 2040 tam
578 2011 651 2038 bene
674 2020 726 2038 nos
751 2008 908 2048 accipias“.
964 2017 1021 2038 nos
1045 2010 1121 2038 enim
1145 2010 1290 2037 obiectum

171 2067 225 2099 est,
249 2060 447 2101 frequentare
464 2063 661 2096 transitivum,
686 2063 854 2100 frequentes
873 2062 1004 2095 reddere,
1030 2060 1290 2089 utLiv.XXX111.

173 2116 221 2151 38,
248 2115 299 2143 13:
334 2124 443 2149 „novos
467 2115 586 2143 colonos
610 2113 778 2142 adscribere
802 2116 832 2141 et
855 2114 933 2141 omni
958 2112 1045 2140 modo
1069 2110 1289 2150 frequentare“.

1059 2170 1088 2195 12
