1596 2478
133 202 178 236 IV,
201 205 224 236 1,
246 203 336 235 18-2,
354 203 371 229 9
611 203 790 230 Mostellaria.
1197 207 1255 236 129

218 297 300 328 Nam
324 306 408 328 nunc
431 296 518 328 domi
541 300 672 329 nostrae
696 300 747 329 tot
770 299 911 338 pessumi
934 299 1059 336 uiuont,

219 350 328 381 Peculi
354 350 405 381 sui
429 349 568 390 prodigi,
592 350 796 390 plagigeruli.

218 403 280 435 Ubi
304 403 482 434 aduorsum
506 407 542 434 ut
565 407 642 434 eant
664 408 826 436 uocantur
849 416 915 443 ero,
938 404 1086 436 clamant:

132 457 213 488 'Non
228 468 282 494 eo;
308 457 463 488 molestus
481 468 521 488 ne
541 458 600 495 sis;
625 458 692 489 scio
711 458 798 498 quod
819 470 991 499 properas;
1016 459 1118 499 gestis
1131 459 1256 500 aliquo;

217 512 285 542 lain
309 510 418 542 hercle
442 511 488 543 ire
512 512 571 549 uis,
595 511 692 550 mula,
717 512 806 543 foras
831 513 980 553 pastum'.
1206 522 1254 547 861

218 565 305 596 Bene
330 575 456 596 merens
479 564 541 596 hoc
564 565 649 605 preti
673 565 748 596 inde
772 565 903 597 abstuli.
951 566 1023 597 Abii
1048 566 1152 605 foras3

217 618 312 650 Solus
335 628 422 650 nunc
445 629 483 650 eo
506 619 685 650 aduorsum
709 629 765 650 ero
788 630 828 650 ex
853 620 1014 660 plurumis
1037 621 1152 652 seruis.

217 672 286 704 Hoc
310 672 360 703 die
383 673 519 704 crastini
544 683 639 713 quom
665 683 740 704 erus
765 674 946 710 resciuerit,

217 726 311 757 Mane
336 727 514 766 castigabit
538 737 592 758 eos
617 726 750 758 bubulis
773 728 910 759 exuuiis.
1206 737 1256 762 865

131 780 301 812 Postremo
326 781 460 812 minoris
485 781 591 821 pendo
616 785 744 821 tergum
768 781 896 812 illorum
920 792 1019 821 quam
1043 792 1165 820 meum;

131 835 182 865 Illi
207 838 301 866 erunt
325 834 492 866 bucaedae
516 835 620 867 multo
644 836 764 875 potius,
789 846 886 875 quam
911 846 970 875 ego
995 836 1055 866 sim
1080 836 1192 867 restio.

556 905 670 937 Alter
692 915 829 938 seruos

334 960 429 991 Mane
452 963 488 991 tu
513 964 612 1001 atque
637 960 760 991 adsiste
784 959 869 996 ssim,

130 1013 306 1051 Phanisce;
331 1014 431 1045 etiam
454 1014 614 1054 respicis?

579 1082 804 1114 Phaniscus

651 1136 732 1167 Mihi
756 1136 916 1167 molestus
940 1146 980 1166 ne
1005 1136 1059 1167 sis.

558 1195 672 1227 Alter
693 1205 831 1227 seruos

341 1248 430 1287 Uide‚
455 1252 492 1280 ut
514 1249 642 1281 fastidit
665 1250 770 1281 simia.
1207 1258 1259 1283 870

338 1303 493 1335 Manesne
516 1304 602 1341 ilico,
626 1305 743 1344 inpure
768 1303 934 1344 parasite?

586 1363 810 1396 Phaniscus

134 1416 197 1455 Qui
220 1418 388 1458 parasitus
412 1418 503 1449 sum?

554 1478 670 1510 Alter
691 1486 831 1509 seruo-s·

372 1531 442 1572 Ego
467 1532 550 1563 enim
576 1532 698 1571 dicam
723 1531 797 1563 cibo
822 1531 957 1572 perduci
980 1531 1104 1572 poteris
1127 1531 1257 1571 quouis.

582 1591 811 1624 Phaniscus

338 1645 418 1676 Mihi
441 1646 469 1677 si
491 1645 586 1678 lubet
608 1656 689 1685 esse,
716 1645 794 1686 quid
818 1644 852 1676 id
876 1645 997 1676 curas?

559 1705 674 1737 Alter
695 1713 831 1737 seruos

218 1759 374 1791 Ferocem
398 1758 488 1798 facis,
513 1761 591 1800 quia
614 1763 647 1791 te
671 1770 745 1792 erus
768 1762 845 1791 tuus
869 1762 966 1791 amat.

201 1878 251 1903 '759
270 1878 317 1903 ubi
337 1878 484 1904 aduersum
504 1882 534 1905 ut
553 1882 617 1905 eant
632 1879 800 1905 antecedenti
813 1878 914 1910 versui,
934 1880 1052 1904 uocatur
1067 1885 1117 1904 ero
1130 1877 1259 1911 proximo

133 1920 211 1947 addit
228 1920 255 1946 Β
355 1921 480 1947 clamant
498 1929 547 1948 om.
650 1923 701 1947 860
720 1922 784 1948 Scio
806 1921 881 1954 quod
900 1928 1036 1954 properas
1055 1920 1143 1953 gestis
1163 1920 1257 1953 aliquo

131 1963 256 1996 prooeimo
273 1971 356 1990 versu
408 1965 456 1990 861
477 1965 560 1991 erede
581 1964 604 1991 C
652 1965 702 1990 862
721 1964 845 1998 precium
865 1964 938 1989 unde
958 1962 1108 1989 abstultabi
1159 1963 1212 1989 864
1230 1962 1258 1988 di

133 2006 183 2032 865
202 2006 309 2031 buculis
331 2006 353 2032 G
412 2008 532 2033 exsuuiis
550 2008 577 2034 Β
637 2008 687 2033 866
706 2016 776 2040 pen.
790 2028 794 2032 .
806 2015 901 2039 ergum
922 2005 944 2032 C
1008 2006 1059 2032 868
1077 2013 1133 2039 sqq.
1152 2005 1183 2031 in
1202 2009 1259 2031 tota

134 2055 214 2074 scena
231 2056 415 2081 personarum
432 2054 504 2077 notae
522 2058 571 2076 om.
637 2051 688 2076 869
706 2049 812 2083 respice
831 2048 866 2081 Β,
885 2049 1008 2081 respices
1028 2047 1050 2074 C'
1109 2049 1160 2074 870
1179 2048 1259 2073 simia

134 2090 207 2116 Milis
227 2099 287 2117 sum
306 2091 375 2117 libet
393 2101 469 2119 esse.
481 2092 548 2126 quid
566 2092 595 2118 id
614 2093 718 2119 curas?
777 2093 828 2118 872
845 2094 958 2125 poten-es
1013 2091 1064 2117 873
1082 2098 1133 2117 om.
1151 2090 1185 2122 (υ.
1195 2089 1257 2121 870)

134 2136 184 2161 875
202 2139 295 2162 eratus
314 2135 445 2162 amatuha

1037 2188 1053 2214 9
