1596 2478
316 197 373 226 185
822 194 912 220 Pinum
1231 194 1265 226 11,
1283 196 1307 227 s,
1326 195 1424 220 40-51

778 287 922 320 Erotiu
933 298 963 319 m

313 330 474 362 Peniculo.

718 401 750 432 M
758 412 774 433 e
783 412 803 433 n
811 412 830 433 a
838 412 855 433 e
862 412 879 433 ο
890 402 910 433 h
920 413 951 434 m
960 413 980 434 u
990 413 1004 434 s

498 454 577 493 Quis
600 456 663 487 iste
687 459 737 487 est
760 456 949 496 peniculus?
973 457 1027 496 qui
1051 460 1259 497 extergentur
1282 457 1405 489 baxeae
1414 461 1428 487 ’.δ

779 537 961 570 Erotium

312 592 453 629 Scilicet,
477 592 531 632 qui
557 591 679 624 dudum
703 595 808 624 tecum
833 593 932 627 uenit,
957 603 1053 634 quom
1079 593 1198 634 pallam
1223 594 1300 625 mihi
1379 601 1429 627 385

313 646 474 683 Detulisti,
497 657 594 688 quam
617 645 658 677 ab
683 657 781 678 uxore
805 650 863 678 tua
887 647 1094 688 surrupuisti.

727 728 1010 761 Menaechmus

1147 771 1232 810 Quid
1256 772 1327 804 est?

313 825 386 856 Tibi
411 825 530 866 pallam
555 825 640 859 dedi,
664 836 760 867 quam
785 827 876 857 uxori
901 836 991 858 meae
1016 827 1189 867 surrupui?
1213 837 1314 858 sanan
1339 827 1397 857 es‘?

310 878 404 911 Certe
429 879 511 911 haec
534 880 650 911 mulier
673 880 842 911 canterino
865 880 930 911 ritu
955 880 1089 912 adstans
1113 882 1259 912 somniat.

779 962 960 994 Erotium

313 1015 374 1054 Qui
399 1016 490 1047 lubet
512 1016 654 1048 ludibrio
679 1016 801 1048 habere
825 1026 875 1047 me
899 1020 997 1058 atque
1021 1017 1068 1048 ire
1091 1016 1210 1049 infitias
1234 1017 1321 1055 mihi,

313 1070 414 1102 Facta
439 1080 522 1111 quae
547 1070 644 1102 sunt?

730 1141 1008 1174 Menaechmus

503 1196 570 1232 Dic,
596 1195 674 1236 quid
699 1199 749 1227 est
772 1195 814 1233 id,
839 1196 925 1235 quod
951 1207 1073 1237 negem,
1097 1196 1183 1236 quod
1209 1197 1360 1228 securim?
1380 1205 1429 1230 390

775 1278 958 1310 Erotium

314 1332 438 1364 Pallam
462 1335 494 1364 te
519 1332 613 1364 hodie
637 1333 714 1364 mihi
740 1332 868 1364 dedisse
891 1333 1010 1364 uxoris.

739 1406 955 1438 Menaechme
967 1418 1007 1438 ecs

1057 1461 1164 1492 Etiam
1188 1471 1272 1492 nuuc
1295 1472 1386 1502 nego.

313 1516 380 1556 Ego
409 1515 540 1557 quidem
571 1526 674 1555 neque
703 1525 858 1556 umquam
886 1526 1021 1547 uxorem
1051 1515 1150 1547 habui
1181 1526 1284 1556 neque
1315 1515 1428 1551 habeo,

1024 1579 1130 1610 neque
1153 1569 1216 1601 huc

315 1623 482 1663 Umquam,
492 1627 667 1664 postquam
680 1627 777 1655 natus
792 1624 968 1658 sum.intra
981 1627 1107 1664 portam
1123 1624 1290 1664 peuetraui
1304 1623 1427 1663 pedem.

314 1677 431 1709 Praudi
456 1679 487 1708 in
513 1679 602 1717 uaui;
627 1678 701 1709 inde
726 1677 788 1709 huc
812 1688 963 1717 egressus
987 1688 1076 1715 sum;
1099 1681 1132 1709 te
1155 1673 1349 1719 conueniJs

778 1749 962 1780 Erotium

1300 1791 1430 1828 Eccere,

314 1834 396 1865 Perii
423 1835 551 1866 misera.
598 1833 702 1871 Quam
726 1838 762 1866 tu
787 1834 863 1865 mihi
888 1844 973 1866 nunc
997 1845 1113 1866 nauem
1137 1834 1273 1865 narras?

731 1905 787 1937 Me
797 1916 815 1936 n
826 1905 919 1937 aech
929 1916 986 1936 mu
996 1916 1011 1936 s

1199 1948 1361 1986 Ligneum.
1382 1956 1432 1981 395

381 2053 428 2077 38⁴
452 2052 544 2077 hexere
623 2052 674 2077 387
692 2051 836 2083 surrupuis
855 2059 959 2076 ananus
980 2050 1001 2076 G
1073 2051 1122 2076 388
1141 2050 1304 2075 cantlwrino
1382 2050 1429 2075 891

315 2095 410 2120 uxoris
430 2094 476 2119 w}
498 2095 549 2119 iam
572 2093 605 2120 Β.
625 2095 717 2119 υκαι-ἦε
738 2095 791 2119 etia
811 2093 834 2120 Ο
900 2094 949 2118 394
969 2093 1023 2118 ΕΚ.
1043 2100 1091 2118 om.
1172 2096 1269 2118 venere
1290 2091 1314 2117 B
1382 2093 1432 2118 395

314 2136 385 2165 ERO
414 2137 484 2162 Perii
506 2136 531 2162 Β
