1596 2478
321 178 378 206 192
833 174 923 200 Plauti
1218 175 1272 207 111,
1290 177 1314 210 2,
1335 178 1434 204 17—35

315 268 411 309 Coepi
437 268 620 305 adsentari;
646 268 760 300 mulier
783 268 943 309 quidquid
967 268 1101 301 dixerat.

317 322 403 354 ldem
428 333 486 361 ego
511 322 669 354 dicebam.
715 322 800 360 Quid
825 322 933 354 multis
957 322 1066 354 uerbis
1088 324 1200 363 amet?

318 377 440 408 Minore
466 387 625 417 nusquam
649 376 730 408 bene
754 376 799 407 sui
824 376 1004 417 dispendio.

765 453 980 485 Peniculus

317 507 421 538 Adibo
445 507 485 539 ad
510 506 689 546 hominem;
712 517 785 539 nam
808 507 942 538 turbare
967 508 1079 548 gestio.

734 582 1014 615 Menaechmus

317 638 396 676 Quis
419 637 471 669 hic
494 641 552 677 est,
576 637 630 679 qui
654 637 814 669 aduorsus
836 638 863 669 it
885 637 987 669 mihi?

765 714 982 746 Peniculus

1038 767 1122 806 Quid
1147 770 1202 808 ais,
1226 769 1321 802 homo
1381 780 1432 805 475

318 823 438 855 Leuior
460 833 556 864 quam
582 823 699 863 pluma,
722 833 870 863 pessume
894 827 926 854 et
948 823 1164 864 nequissume,

318 877 490 918 Flagitium
515 877 663 915 hominis,
686 875 821 909 subdole
844 886 883 908 ac
906 877 1037 908 minumi
1062 878 1168 918 preti?

316 931 399 969 Quid
425 931 464 962 dc
488 934 520 962 te
544 931 656 966 merui,
680 941 746 972 qua
770 941 819 962 me
843 940 945 962 causa
968 931 1144 971 perderes?

318 985 360 1016 Ut
383 986 577 1026 surrupuisti
602 989 634 1016 te
658 985 736 1016 mihi
760 984 880 1016 dudum
905 984 944 1017 de
968 985 1048 1016 foro.

317 1040 434 1071 Fecisti
459 1040 554 1071 funus
578 1039 650 1070 med
675 1039 803 1071 absenti
828 1039 974 1079 prandio.
1381 1050 1432 1075 480

316 1092 380 1124 Cur
402 1093 511 1125 ausu⁷s
534 1092 650 1130 facere,
674 1094 749 1134 quoi
774 1103 832 1132 ego
857 1103 959 1133 aeque
984 1093 1078 1125 heres
1102 1094 1214 1125 eram?

734 1170 1014 1202 Menaechmus

316 1224 524 1261 Adulescens,
547 1235 678 1265 quaeso.
704 1224 781 1265 quid
806 1224 865 1255 tibi
890 1235 1013 1256 mecum
1039 1229 1087 1257 est
1109 1226 1165 1261 rei,

315 1278 376 1315 Qui
403 1278 478 1309 mihi
504 1278 586 1310 male
611 1278 712 1319 dicas,
735 1278 856 1310 homiui
885 1279 1004 1318 ignoto,
1027 1280 1188 1311 insciens?

316 1333 362 1364 An
388 1333 447 1364 tibi
472 1333 589 1364 malam
613 1343 680 1364 rem
706 1334 756 1364 uis
781 1343 839 1373 pro
863 1332 1045 1365 maledictis
1071 1333 1164 1365 dari?

764 1408 981 1441 Peniculus

316 1463 413 1496 Istam
437 1464 567 1504 quidem
592 1463 709 1504 edepol
732 1467 764 1495 te
789 1463 918 1495 dedisse
941 1463 1102 1505 intellego.
1381 1474 1432 1500 ⁴85

733 1541 1012 1572 Menaechmus

317 1595 496 1636 Responde.
522 1595 723 1633 adulescens,
747 1605 876 1635 quaeso,
901 1594 980 1636 quid
1002 1595 1061 1626 tibi
1085 1605 1201 1626 nornen
1225 1596 1297 1627 est?

766 1672 980 1704 Peniculus

316 1726 421 1757 Etiam
446 1726 583 1764 derides,
607 1727 700 1767 quasi
725 1737 841 1758 nomeu
866 1738 927 1758 nou
952 1726 1103 1758 noueris?

732 1803 1013 1835 Menaechmus

315 1857 383 1888 Non
409 1857 521 1898 edepol
547 1868 605 1897 ego
629 1861 670 1896 te,
695 1858 781 1898 quod
807 1858 916 1895 sciam,
942 1868 1093 1898 umquam
1117 1861 1193 1889 ante
1216 1857 1300 1889 hunc
1323 1857 1408 1889 diem

383 1986 432 2011 1172
451 1989 533 2018 opust,
551 1993 600 2012 om.
667 1987 716 2011 475
735 1986 880 2011 aduersum
902 1986 939 2010 ait
1005 1986 1064 2018 agis
1085 1985 1107 2012 G
1168 1986 1218 2011 480
1236 1994 1330 2012 sumus
1350 1985 1372 2011 C

316 2037 375 2053 mco
395 2028 502 2054 absoni»
607 2030 653 2054 481
675 2038 706 2054 eu
726 2037 795 2062 quae
814 2028 886 2054 heris
906 2028 998 2053 lit-ram
1108 2028 1158 2054 482
1179 2028 1230 2053 1¹1⁴).
1251 2028 1277 2054 B
1379 2030 1428 2054 483

316 2071 418 2096 homini
440 2070 482 2096 liic
503 2074 568 2096 nolo
622 2071 725 2097 inciens
744 2071 770 2097 B
823 2072 872 2096 485
892 2071 953 2096 Post
977 2080 1035 2096 oum
1089 2072 1140 2097 486
1158 2071 1204 2104 qui
1259 2074 1284 2096 st
1303 2070 1337 2103 B,
1357 2071 1394 2096 sit
1410 2071 1432 2098 C

315 2114 366 2139 *188
383 2113 454 2146 quad
474 2114 499 2139 A
