1596 2478
308 202 366 230 174
786 199 920 226 Cistellari
925 208 947 225 a.

304 298 344 331 ut,
367 296 390 324 si
415 296 478 325 fieri
501 298 604 333 possit,
628 297 797 334 investiget.
844 297 871 324 Is
896 296 1057 331 mulierem,
1083 306 1148 334 quae
1168 307 1231 326 eam
1250 298 1425 333 sustulerat,

304 347 430 381 invenit;
455 358 488 375 ea
507 349 604 374 autem
617 346 768 383 Gymnasii
790 349 886 375 mater
906 349 958 375 est.
1005 347 1073 375 Haec
1091 348 1187 385 primo
1205 349 1305 377 omnia
1323 352 1426 386 negat3

303 398 421 426 tandem
445 399 551 426 timore
579 400 694 432 coacta,
729 407 764 425 ne
793 407 844 426 sua
873 398 942 433 filia,
978 398 1180 434 Gymnasium,
1214 410 1269 437 pro
1293 401 1427 437 exposita

304 449 354 476 illa
383 449 559 486 Demiphoni
589 449 740 483 tradatur,
776 449 886 477 fatetur
919 460 950 477 se
985 459 1046 477 eam
1078 452 1108 477 et
1136 451 1289 479 sustulisse
1318 454 1347 479 et
1376 452 1425 479 alii

303 501 419 528 mulieri
452 500 577 528 dedisse.
636 500 831 538 Lampadioui
866 500 943 528 herne
977 510 1036 528 suae
1073 500 1134 529 haec
1169 502 1317 530 nuntianti
1351 503 1426 530 forte

303 552 452 579 auscultat
475 551 624 586 Melaenis,
659 554 690 579 et
717 561 748 579 re
777 551 854 578 omni
884 551 1035 589 patefacta
1058 553 1121 588 ipsa
1145 552 1294 580 Selenium
1317 563 1424 590 paren-

302 603 383 630 tibus
406 602 531 630 reddere
562 602 724 630 coustituit.
783 601 825 629 Eo
857 603 949 639 igitur
977 612 1006 629 se
1030 603 1143 630 confert
1165 612 1231 631 cum
1254 603 1371 632 Selenio
1395 607 1426 632 et

302 653 410 682 ancilla
445 653 587 681 cistellam
623 663 688 681 cum
723 652 894 689 crepundiis
927 656 1065 690 gerente3
1105 653 1155 681 sed
1189 655 1426 683 Alcesimarchus

301 704 478 732 furibundus
508 705 543 732 iis
573 704 689 732 obviam
714 704 808 732 factus
832 703 980 732 Selenium
1005 705 1032 731 vi
1056 714 1154 733 secum
1178 706 1299 743 abripit.
1345 705 1426 734 Inter

301 755 353 783 bns
382 754 485 783 turbas
516 755 630 783 cistella
659 756 688 783 in
717 755 818 792 platea
847 755 965 783 excidit.
1024 755 1094 783 Eam
1130 757 1287 784 inveniunt
1310 756 1425 786 Phano-

301 809 396 834 strata
420 809 450 834 et
473 806 648 843 Lampadio,
672 806 779 843 quibus
803 807 952 834 inventam
978 806 1154 835 mirantibus
1178 809 1352 844 supervenit
1374 817 1424 836 an-

301 857 370 885 cilla
404 858 540 885 amissam
575 867 718 895 quaereus.
777 857 823 885 Sic
858 860 994 894 parentes
1029 860 1058 885 et
1091 857 1180 886 filium
1211 859 1366 886 inveniunt
1395 861 1425 886 et

301 919 364 936 eam
388 909 576 946 comperiunt
599 905 698 936 ambre
728 918 792 936 cum
817 908 1037 936 Alcesimarcho
1068 909 1196 937 iunctam
1227 919 1304 944 esse,
1339 919 1424 947 quem

305 959 360 988 sibi
384 960 441 997 ipsi
464 969 604 995 generum
629 962 816 997 optaverunt.

387 1010 455 1039 Hoec
497 1010 663 1047 argumenti
696 1020 809 1038 summa
843 1013 902 1045 est,
923 1021 1097 1051 ,eorumque
1131 1012 1259 1040 maxima
1292 1022 1361 1050 pars
1394 1013 1424 1041 in

300 1062 453 1092 codicibus
482 1061 630 1090 Plautinis
661 1071 776 1098 semper
804 1062 880 1090 lecta
908 1065 967 1097 est;
1002 1063 1053 1090 sed
1088 1072 1145 1090 non
1178 1072 1273 1101 pauca
1307 1062 1422 1092 desunt.

300 1113 362 1143 Hoc
385 1114 430 1142 vel
454 1124 488 1141 ex
512 1123 618 1149 magno
642 1113 693 1140 illo
717 1112 949 1150 fragmentorum
973 1123 1105 1148 numero,
1128 1115 1178 1151 qui
1197 1123 1233 1142 ex
1251 1114 1306 1142 hnc
1324 1113 1424 1142 fabula

299 1165 378 1202 apud
401 1165 608 1203 grammaticos
632 1164 767 1199 affertur,
800 1164 968 1200 intelligere
997 1167 1155 1201 potuerant
1180 1166 1234 1193 viri
1259 1165 1349 1201 docti,
1371 1165 1424 1194 sed

299 1227 360 1245 rem
391 1217 560 1245 obscuravit
583 1216 725 1253 Scaligeri
750 1218 957 1249 commentum,
981 1217 1031 1253 qui
1056 1216 1092 1243 ad
1111 1215 1306 1244 Clitellariam
1330 1226 1423 1253 quan-

299 1268 365 1296 dam
385 1267 447 1296 haec
465 1268 631 1303 fragmenta
649 1266 808 1302 referebat,
829 1277 894 1304 quoe
913 1277 1070 1304 numquam
1090 1267 1214 1301 exstitit,
1233 1277 1259 1295 v.
1274 1266 1422 1305 Ladewig.

299 1318 374 1347 Mus.
400 1318 455 1347 Rh.
479 1318 521 1346 ΙΙΙ
551 1329 580 1356 p.
607 1320 665 1347 525
691 1327 754 1355 sqq.
821 1318 936 1346 Clau-ius
967 1328 1014 1346 res
1045 1319 1187 1355 apparuit
1211 1318 1330 1346 invento
1353 1319 1423 1347 Am-

298 1369 438 1398 brosiano
472 1369 683 1407 palimpsesto,
719 1370 802 1397 cuius
836 1369 977 1406 reliquias
1012 1369 1108 1397 Maius
1142 1368 1304 1397 Mediolani
1342 1370 1420 1398 1815

299 1421 385 1449 edere
415 1424 536 1450 conatus
567 1423 620 1448 est.
677 1420 705 1448 Is
737 1419 904 1458 „quinque‘”
931 1421 974 1448 ait
1000 1421 1047 1454 „in
1076 1419 1177 1448 codice
1208 1421 1305 1458 reperi
1334 1420 1422 1449 huius

298 1472 404 1500 fabulae
428 1472 498 1500 folia
521 1471 642 1505 inedita,
667 1481 731 1509 quae
755 1471 866 1499 habent
888 1481 990 1500 versus
1008 1471 1127 1499 circiter
1149 1470 1238 1506 180“‚
1263 1481 1422 1509 corumque

297 1534 391 1561 pauca
414 1523 547 1561 quaedam
571 1523 600 1550 in
625 1523 718 1551 lucem
742 1523 875 1560 protulit.
929 1523 1019 1551 Plura
1041 1522 1262 1551 Studemundus
1285 1523 1367 1560 legit,
1391 1525 1422 1551 et

298 1585 356 1604 non
380 1574 461 1603 nulla
484 1574 579 1602 edidit
600 1574 697 1602 Herm.
719 1575 729 1601 l
748 1584 776 1611 p.
797 1575 857 1602 293
881 1584 923 1611 sq.
948 1574 1123 1602 Accuratius
1145 1573 1223 1601 idem
1248 1574 1292 1601 vir
1315 1574 1420 1603 doctus

298 1628 327 1655 in
362 1626 425 1654 Indi
459 1626 549 1653 schol.
585 1625 752 1662 Gryphisw.
786 1626 951 1653 1871—72
985 1635 1014 1662 p.
1045 1626 1061 1651 9
1097 1624 1196 1653 decem
1230 1624 1419 1654 Ambrosiani

296 1677 369 1706 solia
397 1676 433 1705 ad
462 1676 657 1705 Cistellariam
688 1677 837 1713 pertinere
867 1676 967 1710 docet,
1002 1686 1161 1713 eorumque
1190 1675 1249 1703 duo
1278 1678 1308 1703 et
1335 1677 1419 1704 tertii

296 1729 435 1756 maiorem
470 1730 585 1765 partem
616 1737 718 1755 versus
749 1729 901 1755 continere
930 1727 1017 1755 ctiam
1049 1728 1077 1755 in
1101 1726 1246 1754 Palatinis
1269 1727 1417 1762 inventos,

296 1779 411 1816 reliqua
434 1789 510 1807 nova
533 1789 605 1813 esse,
635 1779 686 1807 sed
710 1779 836 1816 pessime
860 1777 969 1813 habita,
1000 1781 1034 1806 ut
1062 1788 1212 1815 perpauca
1235 1787 1334 1806 eorum
1359 1778 1419 1814 legi

294 1832 418 1868 possint*
471 1830 576 1867 Itaque
605 1830 672 1867 plus
701 1840 788 1867 quam
818 1832 930 1867 septem
961 1829 1103 1857 eiusmodi
1127 1828 1197 1856 soliu
1221 1829 1250 1857 in
1273 1828 1418 1858 Palatinis

295 1882 412 1917 desunt,
436 1883 453 1909 i.
478 1892 513 1917 e.‚
538 1884 572 1908 ut
596 1881 746 1909 minimum
771 1881 911 1915 dicamus,
936 1881 995 1908 200
1019 1889 1130 1909 versus.
1184 1879 1294 1917 Incipit
1316 1882 1417 1908 autem

295 1933 399 1961 lacuna
422 1935 492 1970 post
516 1943 542 1961 v.
564 1934 640 1966 2153
674 1932 726 1960 sed
751 1933 888 1961 librarius
912 1931 1065 1968 archetypi
1090 1930 1162 1959 nihil
1186 1931 1299 1968 perisse
1321 1931 1416 1969 suspi-

294 1988 377 2012 catus
401 1994 427 2012 v.
453 1985 512 2012 215
538 1987 567 2011 et
591 1993 672 2018 eum,
707 1984 757 2021 qui
787 1986 896 2013 nostrae
926 1983 1064 2011 editionis
1094 1983 1153 2010 317
1183 1984 1241 2017 est,
1275 1982 1320 2010 ita
1347 1992 1416 2011 con-

294 2036 405 2070 iunxit,
440 2038 473 2062 ut
506 2035 608 2062 eodem
643 2044 730 2063 versu
764 2038 925 2071 utrumque
958 2033 1116 2067 scriberet,
1152 2042 1330 2070 quamquam
1364 2033 1415 2061 illa

293 2097 381 2115 scena
404 2086 569 2124 annpaestis,
595 2085 656 2114 hoec
679 2086 813 2114 trochaeis
837 2085 948 2122 scripta
971 2087 1026 2118 est,
1050 2085 1080 2112 in
1105 2084 1156 2112 ills
1178 2083 1415 2113 Alcesimarchus

294 2147 389 2175 nuper
423 2137 514 2165 redux
548 2147 645 2166 secum
677 2137 810 2174 loquitur
839 2136 968 2164 nondum
1002 2138 1154 2172 comperto
1188 2135 1287 2163 nmicae
1321 2134 1414 2169 abitu,
