1596 2478
628 161 658 186 v.
681 164 769 187 1—13.
917 150 920 154 ’
1204 164 1264 192 387

141 257 247 284 cidisse
278 257 376 294 aliqua
406 257 554 285 censebat.
613 258 765 293 Mueller.‚
795 258 915 287 Nachtr.
940 268 969 296 p.
997 259 1055 287 128
1084 267 1138 294 pro
1162 255 1267 294 Atque

143 305 240 342 „Alii“
272 307 373 336 voluit.
431 307 517 342 Quod
552 308 589 336 ad
619 319 679 337 rem
709 310 834 345 attinet,
869 319 959 347 quum
991 309 1085 338 Graeci
1117 308 1265 336 comoediae

142 359 314 386 recentioris
349 361 444 396 poetae
479 359 654 396 plerumque
682 360 809 388 Athenis
844 362 891 397 agi
927 370 972 388 res
1007 360 1171 394 voluerint,
1208 369 1265 387 non

141 419 256 446 semper
279 409 334 437 hoc
359 410 467 437 fuctum
494 419 572 445 esse,
606 410 651 439 vel
677 411 739 447 ipse
762 411 886 439 Plautus
911 411 1012 446 docet,
1043 411 1125 439 cuius
1147 414 1182 438 ut
1205 410 1266 439 liaec

141 460 241 488 sabula
265 460 439 497 Epidamni,
473 462 515 488 ita
545 462 722 498 Amphitruo
753 462 877 496 Thebis,
913 462 1029 500 Captivi
1060 465 1090 490 et
1118 462 1265 490 Poenulus

141 511 307 548 Calydone,
345 512 482 540 Curculio
512 512 674 548 Epidauri,
710 513 796 540 Miles
830 512 956 550 Ephesi,
983 513 1111 541 ‘Rudens
1143 512 1266 549 Cyrenis

141 563 257 598 agitur3
281 562 332 590 sed
357 562 451 591 eidem
473 563 579 591 Plauto
604 565 647 591 ita
671 565 768 591 omniu
787 564 887 591 Attica
911 564 1058 599 videntur,
1082 568 1116 592 ut
1140 565 1168 592 iu
1195 564 1266 592 Poe-

142 614 203 642 nuli
227 625 253 642 v.
280 614 339 642 369
369 615 414 642 sui
444 614 556 643 oblitus
585 624 699 643 servam
725 614 874 651 Calydone
906 625 992 644 mauu
1024 616 1142 644 missam
1173 616 1266 643 civem

141 666 270 693 Atticam
294 664 358 692 fieri
382 665 471 694 dicat.
498 679 534 684 ——
563 666 589 693 9.
624 662 689 702 Quo
712 663 804 702 illud3
835 666 942 695 hiatus.
989 666 1022 694 R.
1048 676 1111 694 cum
1137 666 1265 703 Pylade:

145 716 227 751 „Quo
251 716 336 744 uobis
359 714 463 744 illud“.
494 731 535 735 —
567 718 614 745 10.
649 715 766 754 sactum
789 714 917 752 dicitur,
949 718 1032 754 quasi
1056 727 1114 746 non
1139 717 1174 744 de
1197 716 1267 746 ficto

141 770 325 803 argumento,
349 768 400 795 sed
424 767 460 795 de
485 777 515 795 re
540 768 614 795 sucta
640 772 692 796 uut
715 768 818 796 saltem
839 768 876 795 ab
895 768 961 796 aliis
980 771 1101 796 narrata
1118 772 1266 805 ageretur,

142 818 177 846 cs.
197 829 224 847 v.
245 819 284 846 22
304 821 334 846 et
351 819 400 846 46.
448 818 557 847 Contra
582 819 706 847 aliorum
725 829 841 848 errores
861 819 915 847 hoc
934 818 1097 847 vindicavit
1114 818 1266 854 Schwabe,

142 870 218 897 Anu.
243 869 315 908 phil.
340 869 388 897 CV
412 880 440 907 p.
466 871 536 898 403.
585 870 742 906 Dziatzko‚
767 870 844 898 Anu.
868 870 940 907 phil.
965 869 1043 898 CVII
1066 880 1095 907 p.
1120 871 1180 898 838
1205 874 1266 898 not.

143 930 246 958 parum
271 924 351 949 recte
378 930 415 956 „a
438 921 545 949 Plauto
569 922 697 950 dicitur“
729 924 858 950 enarrat.
888 935 929 940 ——
967 922 1014 949 11.
1048 919 1152 959 Atque
1180 918 1266 956 adeo,

143 982 175 1000 nc
198 981 277 1007 sane,
301 975 330 1000 et
355 972 486 1010 quidem,
511 982 537 1001 v.
553 972 588 1000 ad
603 972 687 1001 Curc.
702 973 771 1001 333.
792 987 831 990 —
853 970 955 1001 tamen
977 974 1006 1000 in
1030 973 1178 1010 principio
1201 983 1267 1001 sen-

142 1024 253 1059 tentiae,
277 1026 311 1051 ut
329 1022 387 1052 Cic.
403 1023 468 1053 Div.
483 1025 512 1052 in
526 1024 621 1052 Caecil.
637 1026 663 1058 6,
685 1025 732 1057 21,
753 1024 789 1052 nl.
824 1023 967 1058 Graecum,
988 1024 1038 1058 ait,
1063 1027 1268 1060 argumentum

142 1077 195 1110 est,
220 1074 272 1103 sed
294 1074 439 1111 Siculum,
470 1085 526 1103 non
551 1075 700 1109 Atticum,
731 1085 784 1103 nec
806 1075 908 1102 Attico
936 1074 987 1103 sed
1012 1074 1111 1103 Siculo
1134 1084 1267 1102 sermone

142 1128 285 1160 utuntur;
319 1136 385 1154 nam
415 1126 590 1155 Meuaechmi
618 1126 727 1154 fratres
758 1125 936 1162 Syracusani
965 1128 1044 1154 sunt.
1100 1125 1194 1162 Nugae
1223 1126 1267 1153 hae

141 1180 219 1212 sunt,
254 1176 304 1205 sed
339 1178 462 1215 prologo
496 1178 713 1206 convenientes.
770 1177 826 1212 Qui
855 1177 900 1205 his
929 1177 1027 1205 verbis
1056 1176 1268 1214 Epicharmum

142 1231 260 1266 poetam
286 1228 446 1265 significari
470 1232 633 1267 putarunt,
665 1229 769 1256 miram
794 1228 935 1257 Romanis
958 1228 1177 1266 spectatoribus
1201 1238 1268 1256 eru-

142 1279 283 1308 ditionem
307 1279 494 1315 tribuerunt,
531 1281 581 1318 qui
605 1281 684 1308 istud
708 1280 872 1316 intelligere
902 1281 1067 1317 potuerint,
1102 1281 1267 1317 praesertim

143 1341 231 1368 quum
273 1341 307 1358 ne
347 1331 447 1359 fabula
487 1331 607 1368 quidem
647 1331 698 1360 sed
735 1334 941 1368 argumentum
976 1330 1105 1358 Siculum
1141 1330 1265 1358 dicatur.

143 1382 176 1410 V.
204 1383 240 1410 12
272 1383 394 1419 respicit
425 1382 506 1410 Festi
537 1382 592 1420 Ep.
623 1392 651 1420 p.
685 1383 740 1410 28:
779 1382 964 1413 ffittieissat:
1001 1383 1091 1409 attice
1122 1381 1266 1418 loquitur.

142 1433 281 1461 Plautus:
325 1444 383 1462 non
419 1434 566 1462 atticissut
601 1433 652 1461 sed
687 1433 835 1468 sicilissat,
871 1434 890 1460 i.
921 1443 945 1461 e.
977 1433 1069 1460 sicule
1103 1430 1267 1469 loquitur“.

142 1481 355 1514 sicelicissitat
385 1485 490 1522 scripsi
525 1494 589 1512 cum
624 1484 725 1519 codd.,
760 1485 818 1512 nisi
848 1484 927 1521 quod
958 1494 1022 1512 cum
1052 1486 1120 1512 cett.
1145 1483 1212 1511 edd.
1237 1485 1266 1512 in

142 1535 271 1564 secunda
300 1535 414 1572 syllaba
443 1543 458 1563 e
488 1536 608 1573 scripsi,
645 1545 702 1564 non
731 1533 758 1571 ἐς
793 1535 947 1563 derivatur
975 1536 1051 1562 enim
1082 1545 1140 1564 vox
1169 1544 1226 1563 non
1251 1546 1268 1563 a

143 1587 254 1616 sicilico
282 1587 332 1615 sed
363 1597 380 1614 a
402 1587 505 1615 Graeco
529 1587 677 1615 adiectivo
699 1587 844 1618 Σικελικός.
896 1586 937 1615 Ut
961 1596 996 1614 ex
1020 1587 1124 1618 ἀττικός
1147 1587 1267 1619 ἆττικίςω

142 1637 184 1673 fit,
209 1639 248 1666 ita
274 1648 310 1666 ex
334 1639 464 1669 σικελικὸς
487 1639 633 1670 σικελικίςω
657 1638 727 1666 fecit
745 1637 861 1676 prologi
883 1639 1024 1675 seriptum
1049 1648 1151 1667 versus
1169 1641 1267 1666 autem

141 1690 238 1727 gratia
262 1690 400 1718 iterativa
424 1690 518 1718 forma
536 1699 606 1717 usus
625 1692 683 1718 est:
709 1689 910 1724 sicelicissito;
935 1698 1000 1726 quae
1017 1689 1041 1716 si
1060 1688 1143 1717 nobis
1160 1699 1266 1726 parum

141 1741 250 1777 placet,
284 1740 402 1777 prologi
436 1741 550 1768 auctori
586 1740 714 1778 placuit,
750 1743 783 1768 ut
816 1740 846 1767 in
880 1739 1004 1776 prologo
1040 1739 1266 1777 Amphitruonis

144 1789 460 1828 „tragicocomoedia“,
486 1791 521 1819 de
547 1801 604 1828 quo
628 1791 687 1819 vid.
702 1791 821 1819 Praefat.
842 1790 898 1818 vol.
913 1790 940 1818 II
959 1800 989 1828 p.
1002 1790 1069 1818 XII.
1105 1790 1266 1819 Lambinus

146 1843 361 1878 „sicelissitat“‚
388 1840 699 1877 Ritsch.„sice1issat“
727 1842 830 1879 edidit,
855 1842 936 1878 quod
960 1851 1050 1879 quum
1073 1852 1190 1870 versum
1208 1852 1266 1871 non

142 1894 284 1931 expleret,
314 1893 446 1927 .,tamen“
469 1893 593 1921 addidit.
610 1908 646 1911 ·—
670 1894 716 1921 13.
741 1889 948 1929 Anteloyium,
973 1893 1119 1929 praefatio.
1155 1894 1266 1921 Auson-

142 1944 235 1981 Epist.
263 1945 311 1972 16:
338 1944 395 1980 „Hi
419 1945 520 1982 igitur.
544 1948 577 1972 ut
600 1944 725 1972 Plautus
750 1945 800 1978 ait,
826 1945 946 1971 interim
971 1947 1058 1972 erunt
1081 1944 1265 1980 antelogium

142 1994 339 2024 fabularum“.
397 1995 590 2033 Symmachus
614 1995 668 2033 Ep.
693 1995 721 2031 Ι,
748 1996 795 2023 71.
842 1994 926 2030 VIII,
956 1996 994 2023 23
1022 1996 1262 2032 „anteloquium“

141 2047 240 2075 habet.
298 2046 406 2075 Hiatur
435 2057 494 2075 non
523 2046 617 2075 solum
649 2047 678 2074 in
710 2056 834 2081 caesura,
871 2045 924 2073 sed
953 2047 1042 2074 etiam
1067 2050 1134 2074 ante
1161 2046 1264 2082 ,‚hoc“.

142 2098 277 2127 Muretus
301 2102 330 2126 et
350 2098 450 2126 Lumb.
467 2098 666 2134 „antelogium
691 2097 840 2135 quoddam
859 2094 932 2125 hoc“
947 2098 1139 2135 scripserunt,
1153 2098 1266 2126 Ritsch.

1010 2153 1062 2179 25*
