1596 2478
297 178 358 207 220
802 177 894 204 Plauti
1206 177 1237 207 V.
1255 178 1281 209 4,
1300 178 1375 209 1—5,
1393 178 1408 203 4

651 323 847 356 MEDICUS.
904 323 1053 356 SENEX.

762 408 940 441 Medicus

297 461 380 499 Quid
405 472 474 493 esse
497 461 544 492 illi
569 461 672 493 morbi
697 462 850 495 dixeras?
874 473 983 502 narra,
1007 474 1114 495 senex.

297 515 379 546 Num
403 515 565 547 laruatust
586 520 643 547 aut
665 517 827 548 cerritus?
851 516 902 548 fac
925 518 1033 549 sciam.
1359 526 1409 551 875

296 569 380 600 Num
405 580 476 600 eum
501 573 655 602 ueternus
679 574 737 602 aut,
759 580 847 611 aqua
869 571 1012 603 intercus
1035 571 1147 603 tenet?

787 635 914 668 Senex

296 688 380 726 Quin
405 700 444 720 ea
467 692 498 720 te
522 699 623 721 causa
646 689 739 727 duco,
763 694 799 721 ut
822 689 854 721 id
879 690 968 722 dicas
991 690 1069 722 mihi

296 744 401 783 Atque
424 743 515 775 illum
538 747 576 775 ut.
597 753 711 776 sanum
734 743 845 775 facias.

767 809 944 841 Medicus

897 863 1057 896 Perfacile
1080 864 1113 895 id
1137 863 1268 905 quidem
1293 868 1349 896 est.

297 919 416 948 Sanum
442 917 598 955 futurum,
624 928 694 948 mea
718 928 776 958 ogo
800 917 832 948 id
858 918 1014 958 promitto
1037 917 1110 950 fide.

788 982 914 1014 Senex

295 1037 412 1077 Magna
435 1047 507 1067 cum
532 1046 610 1067 cura
634 1046 694 1076 ego
716 1036 808 1068 illum
832 1037 941 1068 curari
963 1036 1047 1068 uolo.
1361 1045 1412 1070 880

765 1101 942 1134 Medicus

297 1156 380 1194 Quin
404 1156 424 1195 †
447 1155 619 1196 suspirabo
643 1155 716 1197 plus
738 1159 888 1187 sescenta
909 1156 942 1187 in
967 1155 1054 1194 dies;

296 1211 348 1242 Ita
371 1221 429 1251 ego
453 1210 541 1241 illum
567 1220 645 1241 cura
669 1220 787 1249 magna
810 1209 929 1241 curabo
954 1209 1023 1241 tibi.

792 1274 918 1307 Senex

298 1332 402 1372 Atque
415 1340 526 1362 eccum
544 1330 650 1371 ipsum
670 1329 842 1361 homiuem.
879 1329 1106 1367 Obseruemus,
1125 1339 1221 1370 quam
1241 1341 1306 1362 rem
1325 1335 1411 1372 agat.

298 1572 591 1604 MENAECIIMUS
612 1571 659 1612 (1)
688 1570 971 1603 ADULESCENS.
1018 1570 1167 1603 SENEX.
1213 1571 1411 1604 MEDICUS.

714 1657 994 1688 Menaechmus

298 1712 420 1752 Edepol
445 1722 483 1742 ne
507 1712 559 1743 hic
583 1711 651 1742 dies
677 1721 852 1752 peruorsus
877 1715 974 1752 atque
999 1710 1159 1743 aduorsus
1184 1710 1262 1742 mihi
1282 1711 1410 1752 optigit.

298 1766 386 1803 Quae
411 1777 460 1797 me
484 1765 567 1796 clam
591 1769 683 1797 ratus
706 1775 775 1796 suin
801 1765 917 1802 facere,
942 1765 1049 1796 omnia
1073 1775 1111 1796 ea
1134 1764 1212 1796 fecit
1235 1765 1343 1806 palam
1361 1774 1412 1799 885

298 1820 473 1857 Parasitus,
498 1820 552 1860 qui
577 1830 627 1851 me
651 1819 817 1860 conpleuit
840 1818 942 1859 flagiti
966 1822 998 1850 et
1021 1818 1211 1857 formidinis,

298 1874 390 1905 Meus
417 1874 535 1911 Ulixes,
558 1884 616 1905 suo
640 1874 694 1914 qui
718 1874 785 1913 regi
809 1877 935 1904 tantum
958 1873 1103 1904 conciuit
1126 1872 1213 1904 mali.

365 1993 415 2018 874
433 1996 506 2018 essct
571 1993 622 2018 875
641 1992 766 2018 laruatus
831 1991 881 2017 876
900 1993 1015 2017 uetenus
1085 1991 1136 2017 877
1154 1991 1182 2017 id
1201 1999 1250 2018 om.
1270 1990 1296 2017 B
1361 1992 1413 2017 878

299 2035 364 2069 quid
383 2037 425 2060 ast
444 2034 478 2064 B,
498 2034 583 2068 quida
601 2038 641 2060 est
662 2033 682 2060 C
734 2034 784 2060 879
803 2042 845 2059 ine
865 2042 931 2060 aeco
951 2034 978 2059 id
997 2033 1032 2066 B,
1051 2042 1094 2060 me
1113 2034 1194 2060 acoid
1210 2033 1233 2060 0
1282 2035 1330 2059 881
1351 2032 1410 2059 ΜΕ.

296 2079 411 2111 ponitur
429 2081 492 2103 unce
509 2078 571 2104 882.
642 2077 764 2103 senentis
783 2076 810 2102 iu
829 2076 874 2102 die
893 2076 915 2102 C
981 2078 1031 2102 882
1049 2076 1126 2102 illum
1146 2085 1207 2102 cum
1227 2084 1293 2102 cura
1361 2076 1412 2102 885

299 2119 465 2153 Quemcduni
485 2119 512 2145 B
581 2128 614 2145 ea
633 2119 725 2145 omnia
795 2120 844 2145 886
863 2118 972 2145 l'anitue
993 2118 1015 2145 C
1083 2118 1225 2152 conplebit
