1596 2478
291 226 329 254 44
814 219 903 247 Plauti
1174 219 1225 253 ῘΠ,
1244 220 1267 252 2,
1289 219 1380 252 19-8,
1399 221 1415 246 8

738 314 968 346 Alcesimus

293 370 377 408 Quid
402 380 460 409 ego
485 380 569 401 nunc
595 369 735 400 faciam?
781 368 952 408 Flagitium
978 378 1162 400 maxumum
1187 368 1246 400 feei
1270 369 1367 400 miser

294 424 430 465 Propter
454 434 584 464 operam
611 422 698 453 illius
721 421 828 463 hirqui
852 422 990 463 inprobi,
1013 422 1167 461 edentuli,

293 477 354 515 Qui
378 478 439 509 hoc
460 476 536 508 mihi
555 476 727 508 contraxit.
774 475 913 517 Operam
934 477 1044 508 uxoris
1068 476 1226 518 polliceor
1249 476 1345 512 foras,
1365 484 1416 510 530

294 532 393 570 Quasi
419 531 611 562 catillatum.
658 529 834 570 Flagitium
858 529 1007 567 hominis,
1031 530 1086 572 qui
1111 530 1192 561 dixit
1217 530 1304 567 mihi,

295 586 392 617 Suam
422 595 554 616 uxorem
584 583 669 615 hauc
698 584 929 616 arcessituram
966 595 1051 622 esse;
1087 594 1126 615 ea
1157 595 1190 616 se
1219 594 1289 616 eam
1317 589 1417 624 negat

1010 639 1174 670 morarier.

296 693 400 733 Atque
425 691 541 732 edepol
567 692 691 729 mirum,
717 692 748 722 ni
769 692 898 724 subolet
917 693 978 724 iam
999 691 1060 723 hoc
1079 692 1152 724 huic
1170 693 1295 724 uicinae
1315 702 1415 723 meae.

296 746 414 777 Uerum
435 749 544 777 autem
563 745 785 777 altrouorsum
805 756 901 786 quom
921 757 989 778 eam
1010 756 1132 778 mecum
1149 746 1309 777 rationem
1322 749 1416 786 puto,

296 801 328 831 si
353 800 431 841 quid
456 800 524 831 eius
549 803 644 837 esset,
668 802 750 830 esset
772 810 897 831 mecum
922 800 1109 841 postulatio.
1303 813 1307 816 ’
1367 808 1418 834 585

295 854 353 885 Ibo
376 855 469 888 intro,
496 860 531 884 ut
554 853 734 885 subducam
758 855 867 885 nauim
892 864 1019 886 rursum
1045 855 1075 885 in
1102 853 1330 895 puluinarium.

736 923 970 956 Cleostrata

296 980 363 1011 Iam
387 979 439 1010 hic
463 983 511 1010 est
534 977 641 1019 lepide
665 978 863 1010 ludificatus.
911 979 1020 1011 Miseri
1045 983 1081 1010 ut
1104 979 1262 1011 festinant
1285 977 1392 1010 senes!

296 1033 390 1065 Nunc
423 1044 481 1073 ogo
513 1032 603 1064 illum
633 1032 741 1070 nihili,
777 1033 997 1074 decrepitum.
1034 1043 1136 1064 meum
1167 1034 1271 1064 uirum
1306 1032 1417 1063 ueniat

1010 1087 1118 1123 uelim,

299 1141 341 1172 [ft
364 1152 435 1172 eum
460 1141 623 1172 ludificem
648 1141 807 1178 uicissim,
838 1145 1010 1182 postquam
1035 1141 1119 1172 hunc
1143 1141 1245 1172 delusi
1269 1140 1415 1172 alterum.

298 1195 378 1226 Nam
403 1205 462 1233 ego
487 1195 610 1236 aliquid
634 1195 826 1227 contrahere
848 1196 943 1236 cupio
962 1195 1045 1235 litigi
1070 1196 1155 1226 iuter
1183 1205 1238 1226 eos
1257 1194 1348 1226 duos.
1368 1202 1418 1228 540

300 1250 361 1281 sed
380 1259 490 1280 eccum
505 1249 642 1286 incedit3
663 1255 706 1285 ut,
727 1260 824 1290 quom
839 1249 1002 1290 adspicias
1021 1250 1156 1286 tristem,
1175 1249 1258 1289 frugi
1273 1247 1419 1280 censeas!

397 1409 636 1442 LYSIDAMUS
661 1409 810 1441 SENEX.
857 1410 1131 1442 CLEOSTRATA
1157 1410 1329 1443 MULIER.

740 1495 976 1536 Lysidamus

303 1550 452 1582 Stultitia
476 1560 593 1590 magna
616 1554 666 1581 est
690 1560 760 1582 mea
784 1549 914 1590 quidem
939 1550 1111 1587 sententia,

304 1605 472 1636 Hominem
498 1607 677 1636 amatorem
702 1603 803 1635 ullum
828 1603 868 1635 ad
893 1603 997 1635 forum
1021 1604 1198 1645 procedere

303 1659 336 1690 ln
361 1669 432 1690 eum
458 1658 551 1695 diem,
575 1668 649 1699 quo,
674 1657 760 1698 quod
785 1661 880 1694 amet,
904 1658 936 1689 in
961 1657 1081 1689 mundo
1106 1658 1176 1695 siet,

303 1712 392 1744 Sicut
416 1722 475 1752 ego
499 1712 559 1743 feci
584 1712 714 1744 stultus.
761 1710 909 1743 Contriui
934 1711 1028 1749 diem,
1373 1719 1424 1746 545

304 1767 386 1797 Dum
409 1766 504 1797 adsto
529 1765 711 1798 aduncatus
735 1764 890 1806 quoidam
914 1769 1053 1805 cognato
1078 1775 1158 1803 meo,

303 1819 403 1857 Quem
428 1819 535 1851 hercle
560 1830 619 1860 ego
643 1819 734 1851 litem
758 1818 841 1851 adeo
867 1819 1047 1859 perdidisse
1071 1819 1207 1859 gaudeo,

387 1947 436 1973 528
456 1954 522 1979 ergo
542 1947 561 1973 I
644 1946 694 1972 529
713 1946 783 1980 irqui
871 1947 918 1972 581
941 1945 1042 1972 catillae
1061 1950 1091 1972 tu
1109 1946 1129 1972 I
1212 1946 1262 1972 533
1281 1945 1392 1972 subolet
1409 1945 1429 1972 Ι

303 1990 352 2015 53⁴
372 1989 445 2014 ultro
466 1997 577 2015 uersum
596 1989 616 2015 Ι
722 1989 829 2015 ratione
849 1988 883 2020 B,
903 1989 1042 2015 rationum
1062 1989 1082 2015 Ι
1187 1989 1237 2015 535
1256 1991 1330 2015 esset
1347 1988 1427 2015 smel

303 2032 353 2057 536
372 2036 455 2057 manu
474 2040 582 2057 rursum
602 2032 629 2058 in
649 2031 814 2065 plumarium
834 2031 854 2057 Ι
869 2039 902 2058 m.
918 2039 960 2064 pr.
1078 2032 1129 2057 538
1146 2031 1280 2057 nichilum
1299 2031 1423 2065 decrepi-

303 2074 368 2100 ‹lum
389 2074 417 2100 Ε
477 2075 526 2100 539
546 2074 690 2101 ludificem.
707 2074 736 2100 E
796 2075 846 2099 540
865 2074 967 2107 littigei
986 2073 1014 2100 Ε
1071 2073 1240 2100 STALlClO
1261 2073 1295 2105 Β,
1314 2081 1366 2100 om.
1381 2072 1428 2100 ΙΕ

304 2116 445 2143 MULIER
464 2125 514 2142 οηι.
534 2117 557 2145 J,
578 2116 821 2143 CLEOSTRATA
841 2124 890 2142 om.
911 2117 938 2143 E
1030 2117 1080 2143 544
1099 2117 1140 2142 cui
1238 2115 1380 2142 inmutlum
1400 2115 1429 2142 E

304 2160 353 2184 547
374 2159 497 2188 pei-diest·
518 2158 573 2184 BE
644 2159 732 2190 ssadoo
753 2159 771 2185 Ι
