1596 2478
491 588 886 629 ARGUMENTUM.

211 690 394 732 Conprimit
416 691 611 723 adulescens
635 691 789 723 Lemnius
813 691 1010 732 Sicyoniam.

210 744 242 776 Is
265 745 353 776 redit
374 746 407 776 in
431 747 572 786 patriam
597 750 629 777 et
652 749 785 786 gnatam
809 749 945 785 generat
967 747 1099 786 nuptiis.

212 798 363 839 Sicyonia
385 810 489 840 aeque
514 800 600 840 parit
623 799 775 840 puellam.
821 799 914 831 Hanc
937 800 1087 832 seruolus

211 853 311 884 Tollit
334 856 432 893 atque
456 854 590 894 exponit
614 856 646 884 et
669 864 708 884 ex
731 853 858 885 insidiis
878 857 1036 894 aucupat3

212 906 292 937 Eam
317 907 480 938 sublatam
505 907 660 938 meretrix
683 907 739 938 alii
763 907 891 939 detulit.
1238 914 1253 937 5

211 960 333 992 Lemno
357 964 431 1001 post
453 961 583 992 rediens
607 961 707 998 ducit,
732 971 830 1002 quam
854 964 1092 1001 conpresserat,

211 1014 389 1054 Lemnique
413 1018 523 1046 natam
548 1014 688 1055 spondet
711 1014 958 1046 adulescentulo

212 1069 329 1100 Amore
353 1072 450 1109 capto
474 1068 562 1100 illius
586 1069 808 1109 proiecticiae.

212 1123 397 1163 Requirens
421 1132 534 1153 seruos
557 1123 688 1163 reperit,
712 1132 812 1163 quam
835 1122 1035 1162 proiecerat3

212 1176 329 1217 Itaque
352 1176 423 1217 lege
448 1180 481 1208 et
503 1177 566 1208 rite
591 1177 695 1208 ciuem
721 1176 886 1215 cognitam
1225 1184 1256 1209 10

213 1230 483 1268 Alcesimarchus,
508 1234 544 1261 ut
567 1233 639 1262 erat
661 1233 786 1269 nactus,
810 1229 967 1270 possidet.

214 1357 406 1391 Discrepautia
431 1358 579 1390 scripturae
603 1357 733 1383 codicum
757 1356 1042 1382 Palatino-Vaticani
1060 1356 1114 1388 (B),
1144 1356 1255 1381 Britan·

127 1401 182 1426 nici
203 1400 250 1432 (1),
279 1400 457 1426 Ambrosiani
477 1400 490 1425 I
510 1400 560 1426 257
579 1399 635 1432 (E),
658 1399 839 1425 Ambrosiani
863 1398 1038 1432 palimpsesti
1056 1398 1111 1430 (A),
1140 1398 1187 1424 ubi
1210 1407 1255 1432 ap·

127 1443 229 1476 paruit.

216 1487 226 1510 1
248 1485 355 1511 lemnus
454 1485 587 1511 liconiam
605 1484 640 1517 B,
659 1484 762 1510 lieouia
780 1483 828 1510 1E
927 1484 944 1509 2
962 1483 1041 1516 nupt'
1062 1484 1086 1516 I,
1106 1486 1209 1516 nuptus
1229 1483 1259 1509 E

127 1529 143 1554 3
163 1528 275 1560 Sycioni
295 1537 309 1553 a
327 1527 362 1560 B,
383 1528 488 1553 siciona
506 1527 530 1556 I.
550 1527 652 1560 Sycion
671 1527 701 1553 Ε
794 1526 879 1559 pariit
899 1524 956 1551 ΒΕ
1045 1527 1061 1552 6
1079 1526 1180 1551 redens
1199 1525 1257 1551 ΒΕ

215 1579 297 1603 quam
317 1578 379 1596 eom
398 1569 434 1603 B,
454 1570 501 1603 qui
520 1578 579 1595 eam
600 1568 629 1594 E
722 1570 738 1594 7
758 1568 910 1601 despondit
1006 1569 1022 1594 8
1042 1569 1117 1601 capti
1136 1569 1156 1594 Ι

129 1613 297 1646 proleetitiae
316 1612 352 1639 Β,
372 1620 422 1645 pro
443 1612 541 1637 letitiae
560 1611 608 1638 ΙΕ
666 1613 682 1637 9
700 1612 826 1645 repperit
844 1611 865 1637 I
923 1611 969 1644 qui
989 1611 1018 1637 Ε
1082 1613 1110 1636 11
1131 1611 1253 1636 Alcessi-

129 1654 259 1681 marchus
277 1654 329 1685 BI,
348 1655 454 1680 Alcessi
473 1663 585 1680 marcus
605 1654 634 1680 E
