1596 2478
0 2428 41 2478 ἐξ

144 204 196 237 111,
217 205 239 235 2,
258 205 344 231 9—18
651 204 755 231 Casina.
1114 220 1118 224 -
1226 206 1265 235 43

206 349 479 382 ALCESIMUS
501 349 652 382 SENEX.
702 348 1002 382 c'LEOSTRATA
1025 348 1198 382 MULIER.

588 435 814 467 Alcesimus

141 489 250 527 Miror,
274 489 337 521 huc
360 490 425 521 iam
450 499 512 521 non
537 490 659 521 arcessi
683 490 714 520 in
739 499 929 528 proxumum
954 499 1087 520 uxorem
1111 499 1224 521 meam.

140 543 230 582 Quae
253 544 317 576 iam
343 543 475 579 dudum,
500 544 527 575 si
551 548 745 579 arcessatur,
770 547 887 575 ornata
912 547 1082 584 exspectat
1106 543 1201 574 domi.

140 598 203 630 Sed
227 608 345 635 eccam„
371 598 478 638 opino,
504 598 650 629 arcessit.
696 596 803 632 Salue,
829 595 1026 628 Cleostrata,

585 672 821 706 Cleostrata

892 728 933 759 Et
955 732 1001 765 tu,
1027 728 1194 760 Alcesime.
1215 738 1265 763 520

141 782 205 815 Ubi
227 787 284 814 tua
307 783 409 815 uxor?

586 848 812 880 Alcesimus

442 902 535 934 Intus
559 902 617 933 illa
640 906 681 939 te,
707 902 733 933 si
758 912 792 934 se
817 912 974 941 arcessas,
999 907 1126 941 manem

139 955 222 988 Nam
241 960 317 988 tuus
337 957 389 988 uir
406 967 455 988 me
474 957 592 995 orauit,
617 960 653 988 ut
666 967 737 988 eam
750 956 816 988 isto
829 956 870 988 ad
882 961 913 987 te
927 956 1076 988 adiutum
1091 958 1264 989 mitterem.

139 1010 203 1042 Uin
226 1011 362 1042 uocem?

582 1075 822 1108 Cleostrata

382 1130 473 1166 Sine;
497 1130 584 1170 nolo,
609 1130 635 1162 si
660 1134 822 1171 occupata
846 1134 906 1162 est.

591 1207 635 1238 Al
644 1217 706 1239 ces
715 1208 724 1238 i
733 1218 763 1239 m
772 1219 791 1239 u
801 1218 814 1239 s

954 1261 1056 1293 Immo
1080 1263 1180 1293 otium
1205 1268 1265 1294 est.

581 1320 822 1353 Cleostrata

140 1374 229 1406 Nihil
253 1385 376 1414 moror3
400 1375 538 1407 molesta
562 1376 591 1407 ei
615 1385 685 1407 esse
708 1376 798 1414 nolo;
821 1379 896 1416 post
920 1386 1112 1408 conuenero.

588 1452 817 1484 Alcesimus

141 1505 213 1537 Nou
237 1507 361 1538 ornatis
385 1507 459 1537 istic
482 1506 569 1546 apud
592 1517 651 1538 uos
675 1507 831 1547 nuptias?

590 1583 613 1615 C
621 1583 630 1615 1
639 1594 655 1615 e
663 1594 681 1615 0
690 1594 705 1615 s
712 1589 725 1615 t
733 1594 748 1614 r
756 1595 776 1615 a
786 1588 799 1615 t
807 1595 825 1615 a

876 1638 962 1670 Orno
986 1643 1018 1670 et-
1042 1649 1130 1679 paro.
1216 1648 1266 1672 525

593 1697 662 1729 Alc
672 1708 689 1728 e
699 1698 769 1729 sim
778 1709 797 1729 u
807 1709 821 1729 s

142 1750 213 1782 Non
237 1761 314 1790 ergo
338 1761 419 1792 opus
443 1755 493 1783 est
516 1751 698 1783 adiutrice?

584 1827 820 1861 Cleostrata

720 1883 807 1916 Satis
831 1883 917 1914 domi
942 1887 1000 1914 est.
1046 1882 1108 1915 Ubi
1132 1885 1267 1924 nuptiae

144 1936 286 1974 Fuerint,
310 1939 378 1968 tum
402 1937 499 1969 istam
523 1937 720 1977 conuenib03
749 1947 836 1969 nunc
855 1937 930 1969 uale
948 1941 1049 1978 atque
1065 1938 1162 1970 istan]
1183 1938 1266 1969 iube.

230 2063 317 2090 Tituli
334 2064 446 2090 nomina
462 2065 578 2097 propria
597 2072 646 2091 om.
665 2063 728 2095 ΒΕ,
749 2068 835 2091 totum
854 2065 963 2091 titulum
983 2065 1002 2091 Ι
1103 2066 1153 2092 519
1173 2066 1226 2091 iam
1247 2067 1268 2091 si

144 2109 299 2132 arcessatur
317 2106 420 2132 dudum
441 2106 489 2132 ΙΕ
601 2108 651 2133 520
670 2108 770 2141 opinor
787 2107 852 2140 BE,
872 2116 981 2141 oponor
1000 2108 1019 2133 Ι
1129 2109 1178 2134 522
1197 2109 1268 2135 istuc

145 2149 194 2175 523
211 2148 302 2175 Immo
323 2156 371 2175 om.
443 2150 494 2175 525
511 2158 562 2175 nos
581 2149 640 2176 ΒΕ
710 2151 759 2176 526
779 2150 844 2176 Sitis
864 2151 883 2176 I
