1596 2478
312 164 370 190 362
777 159 954 186 Mostellaria,

309 257 344 284 nd
371 255 445 293 914)
470 256 673 285 callidnmmis
697 267 798 286 servos
822 267 874 286 nec
897 257 1081 294 conspiciunt
1104 267 1156 285 uec
1180 257 1216 284 ub
1246 258 1282 285 iis
1310 258 1425 294 conspi-

309 308 434 336 ciuntur.
470 305 525 336 hoc
547 316 612 335 esse
637 308 668 337 R.
694 309 818 343 addidit,
843 319 934 346 quum
958 308 1100 337 excidisse
1123 307 1234 345 aliquid
1259 312 1426 345 appareret.

310 374 350 377 —
376 357 470 388 Totus
492 356 619 396 (laudea,
645 363 677 388 ut
699 359 817 388 Trucul.
833 361 903 391 695,
928 361 962 388 cf.
977 360 1066 388 Stich.
1083 360 1157 387 747:
1185 362 1284 393 „totus
1309 358 1425 393 doleo“,

309 421 399 448 supi-n
424 411 493 438 686.
520 425 559 430 —
590 412 661 439 888.
685 409 749 440 seio
771 412 840 439 olim
865 422 919 440 em.
944 426 984 431 —
1009 412 1079 440 889.
1103 417 1234 448 usquam
1248 410 1348 438 Dousa
1370 420 1425 439 em.

309 459 446 490 abiectas
469 462 636 490 Turnebus.
687 460 753 491 ‘nisi
775 460 874 493 hasce.
905 463 1037 500 vulgaris
1066 463 1209 490 sermonis
1239 462 1428 498 exaggeratio

309 522 363 550 pro
390 513 449 547 „ita
474 513 603 542 abiectas
626 516 660 542 ut
682 513 764 543 hns‘⁴.
792 530 830 534 —
855 515 924 543 890.
944 511 1092 551 placeant
1113 514 1193 541 Cum.
1213 523 1267 542 em.
1296 527 1332 532 —
1356 514 1426 541 891.

311 561 388 602 quid
408 562 590 601 porticum?
619 575 658 594 sc.
679 566 796 603 qualem
814 565 986 594 conses7—
1001 561 1166 599 Insanum,
1192 574 1218 592 v.
1243 574 1333 602 supra
1357 564 1426 592 746.

312 631 347 635 —
373 617 444 645 894.
472 613 587 645 Sumus
611 617 655 645 ed.
681 627 725 655 pr.
749 632 791 636 —
814 617 885 645 895.
909 614 1092 646 mercimoni
1115 613 1220 652 lepidi.
1267 614 1428 644 Genetivus

310 669 339 696 in
370 667 560 696 exclamando
589 669 712 705 ponitur
739 668 909 697 Graecorum
942 679 1030 702 more,
1060 677 1086 696 v.
1113 667 1243 704 Madvig.
1269 667 1352 703 Synt.
1377 667 1426 695 Gr.

310 720 347 747 61
368 719 386 747 b
411 723 509 748 annot.
536 720 568 748 2:
594 721 636 753 τῆς
658 721 748 755 τύχης,
772 721 809 748 al.
834 720 941 749 Rarius
965 719 1064 748 Latini
1088 722 1121 747 ut
1143 719 1230 747 Truc.
1245 719 1315 747 406.
1341 718 1427 756 Prop.

309 771 357 806 IV,
383 772 410 807 7,
437 772 489 800 21:
518 771 662 806 „foederis
686 771 742 800 heu
771 770 885 800 taeiti“.
939 771 1048 799 Lucan.
1077 770 1114 804 ΙΙ,
1145 771 1200 799 45:
1239 780 1274 803 ,,ο
1305 771 1428 798 miserae

309 820 430 850 sortis“.
454 837 497 841 —
524 820 554 850 si
582 822 648 852 add.
679 822 758 852 Cnm.
783 826 816 851 ut
847 824 917 851 897.
941 837 982 842 -
1007 823 1076 851 896.
1114 818 1226 850 talenta
1254 827 1376 857 mamm,
1400 830 1428 849 v.

310 874 380 902 631.
413 871 638 910 praesentaria,
665 884 690 903 v.
707 875 776 903 353.
802 889 842 894 —
867 875 925 903 897
952 884 1006 902 em.
1030 873 1093 911 Pyl.
1118 876 1148 901 et
1171 872 1249 901 Cam.
1275 886 1315 891 —-
1339 871 1426 900 Codi-

309 935 373 953 cum
397 926 573 963 scripturam
602 924 779 963 „accipiem“
806 925 939 954 defendit
962 925 1068 962 Bergk.
1093 925 1184 953 Beitr.
1209 934 1233 953 z.
1259 924 1310 952 lat.
1329 923 1428 952 Gmm.

308 987 336 1014 p.
363 977 411 1011 97,
447 987 472 1004 v.
498 976 589 1012 Neue,
621 977 768 1006 Formenl.
799 977 828 1005 II
858 987 886 1014 p.
917 978 987 1005 447.
1021 991 1057 996 —
1089 977 1159 1005 900.
1189 972 1306 1012 subeyi,
1336 974 1428 1003 filium

307 1031 400 1056 tuum.
424 1043 466 1048 —
489 1030 560 1057 901.
584 1029 692 1064 ratem,
723 1039 750 1057 v.
777 1030 846 1058 726.
871 1044 906 1048 —
935 1029 1006 1057 903.
1041 1035 1079 1056 ne
1101 1034 1163 1065 qna
1186 1034 1281 1056 causa
1303 1022 1428 1061 sumet,

307 1079 403 1108 litium
427 1083 456 1108 et
479 1080 644 1108 turbarum.
690 1082 766 1109 Ante
800 1081 861 1109 haec
885 1079 1063 1109 audiendum
1091 1076 1265 1116 ..accipiat“,
1296 1087 1331 1106 ne
1362 1077 1429 1114 quis

309 1141 374 1160 cum
399 1131 561 1159 Ritschelio
585 1142 701 1160 versum
726 1131 869 1161 excidisse
893 1134 1018 1160 censeat.
1046 1145 1082 1150 —
1108 1131 1178 1159 904.
1209 1126 1274 1164 Uel,
1298 1129 1334 1158 cf.
1359 1128 1429 1157 292.

307 1198 349 1202 —
373 1184 443 1212 905.
468 1181 512 1211 At
535 1181 618 1211 enim
641 1191 686 1218 ne,
712 1183 799 1212 modo
824 1194 868 1218 ne,
894 1194 920 1212 v.
945 1183 981 1211 nd
1006 1182 1072 1210 Aul.
1098 1183 1167 1211 639.
1192 1196 1232 1200 —
1253 1179 1298 1209 sit
1315 1191 1368 1209 em.
1383 1180 1428 1208 ed.

309 1247 353 1274 pr.
379 1251 420 1255 —
443 1232 588 1272 captioni,
614 1235 720 1270 fraudi,
751 1235 937 1270 detrimento,
969 1235 1004 1262 cf.
1034 1234 1052 1262 l.
1077 1233 1168 1262 Rubr.
1193 1233 1247 1262 col.
1282 1234 1294 1261 l
1320 1243 1347 1261 v.
1371 1232 1428 1260 45:

310 1297 364 1321 „ne
387 1286 459 1324 quid
483 1288 520 1324 ei,
543 1287 612 1324 quei
636 1286 663 1315 d.
690 1297 714 1316 e.
738 1297 761 1315 r.
787 1289 855 1324 aget
876 1288 1007 1324 patetne,
1032 1285 1180 1324 captionei
1209 1285 1247 1313 ob
1277 1293 1342 1312 eam
1367 1293 1428 1311 rem

309 1341 360 1367 aut
390 1348 424 1367 eo
454 1339 571 1367 nomine
601 1348 662 1367 esse
686 1336 813 1376 possit“.
870 1337 930 1366 Cic.
954 1337 991 1365 ad
1015 1337 1103 1365 Attio.
1134 1336 1168 1371 V,
1192 1337 1219 1371 4,
1250 1337 1282 1364 4:
1317 1344 1429 1373 „paene

308 1390 458 1428 praeterii,
483 1389 616 1418 chartam
642 1390 697 1418 tibi
722 1390 840 1424 deesse3
870 1399 934 1417 mea
962 1390 1064 1426 captio
1092 1386 1167 1417 est“.
1219 1387 1284 1416 Gai.
1309 1387 1338 1415 iu
1362 1386 1427 1422 Dig.

309 1441 416 1477 XXIX,
443 1442 469 1476 3,
497 1440 529 1470 7:
557 1442 686 1480 „quippe
709 1451 798 1479 saepe
821 1451 886 1470 cum
911 1436 1167 1478 magna'cnptione
1187 1449 1203 1467 a
1221 1439 1308 1467 rebus
1321 1437 1429 1466 nostris

309 1503 491 1529 revocamur,
517 1496 548 1521 et
566 1495 605 1522 sil:
624 1495 767 1531 iniquum,
787 1494 960 1522 damnosum
978 1492 1082 1529 cuique
1096 1501 1159 1519 esse
1171 1489 1299 1519 officium
1312 1487 1428 1518 suum“.

309 1544 404 1573 Plaut.
434 1544 521 1583 Epid.
546 1546 617 1574 298.
663 1544 842 1573 Sonnensch.
877 1541 1060 1582 „captionis“
1086 1553 1121 1571 ex
1145 1542 1203 1571 Cic.
1233 1542 1348 1577 Quinct.
1382 1541 1429 1575 16,

311 1598 361 1625 53:
390 1597 434 1632 „si
457 1597 486 1625 in
510 1597 635 1634 parvula
654 1607 684 1625 re
702 1597 846 1634 captionis
867 1595 979 1633 aliquid
997 1592 1164 1629 vererere“‚
1188 1594 1314 1622 fortasse
1341 1594 1430 1620 recte.

309 1663 350 1667 —
372 1646 416 1676 sit
438 1648 507 1676 olim
531 1658 584 1676 em.
609 1663 651 1667 —
675 1649 745 1677 906.
771 1645 869 1676 ioculo
892 1647 962 1676 olim
987 1646 1183 1683 emendatum,
1207 1645 1225 1673 i.
1246 1654 1270 1672 e.
1296 1645 1370 1677 ioco,
1393 1642 1430 1671 cf.

309 1700 398 1728 Mei-c.
426 1700 495 1728 982.
537 1700 612 1728 Rud.
639 1699 709 1728 719.
750 1699 842 1728 Stich.
867 1700 916 1727 27.
952 1698 1071 1726 Trucul.
1094 1698 1169 1726 108:
1207 1705 1278 1734 „per
1301 1694 1430 1723 ioculum

309 1755 338 1780 et
361 1750 494 1780 ludum“.
530 1766 570 1770 —
598 1748 688 1779 modo
718 1755 763 1779 est
800 1749 898 1785 ‚‚uel⁸‘,
927 1750 963 1778 cf.
987 1749 1058 1777 Caes.
1087 1749 1116 1776 Β.
1141 1748 1174 1777 G.
1199 1747 1262 1781 VII,
1287 1747 1343 1775 52:
1377 1755 1431 1780 „ne

309 1813 432 1840 parvum
446 1803 533 1831 modo
546 1803 755 1831 detrimentum
774 1799 952 1830 accideret&
976 1801 1015 1829 ib.
1035 1801 1089 1829 66:
1117 1800 1207 1837 „quin
1226 1808 1310 1826 nemo
1329 1806 1430 1825 eorum

308 1855 449 1893 progredi
473 1855 561 1883 modo
585 1857 670 1882 extra
693 1856 791 1881 castra
814 1850 952 1881 nudeat“.
999 1851 1107 1879 Tranio
1132 1852 1220 1886 negat
1242 1860 1273 1877 se
1296 1848 1343 1877 uel
1367 1848 1430 1876 ioco

310 1907 458 1935 dominum
484 1906 586 1934 fallere
610 1905 728 1942 audere,
753 1905 840 1933 herus
864 1907 962 1932 autem
983 1913 1013 1931 se
1032 1912 1117 1931 servo
1136 1901 1297 1939 quidquam
1310 1899 1430 1928 credere

310 1959 428 1988 audere.
458 1973 488 1980 ·-
529 1958 599 1986 907.
634 1954 678 1994 ozi,
711 1967 737 1985 v.
763 1956 798 1984 ad
824 1956 895 1984 406.
929 1970 970 1974 —
1005 1954 1076 1983 908.
1101 1954 1181 1981 Cum.
1205 1952 1250 1980 ed.
1279 1951 1352 1986 „Qui
1376 1950 1431 1978 tibi

309 2009 499 2047 uumqunn1“.
546 2009 578 2036 R.
605 2009 729 2036 rectius:
762 2004 869 2044 Quid?
892 2003 980 2034 tibin'
1004 2000 1182 2042 umquam?
1210 2003 1262 2031 sed
1292 2002 1430 2040 quonium

310 2073 328 2090 n
348 2061 420 2089 illud
434 2061 602 2089 cumen-urio
615 2059 747 2091 debetur.
760 2058 945 2087 scribendum
965 2061 1022 2086 est:
1048 2053 1103 2085 libi
1114 2062 1270 2092 umquam.
1294 2053 1430 2083 Mueller.

310 2112 474 2142 scribebat:
509 2112 605 2148 „Quin
635 2111 689 2140 tibi
713 2119 871 2147 numquam
895 2109 1056 2147 quidquam
1081 2106 1168 2143 cet.“‚
1198 2105 1305 2145 quibus
1333 2114 1433 2133 errore
