1596 2478
304 195 342 224 72
817 191 903 216 Plani.
1198 190 1229 220 V,
1247 191 1270 222 2,
1290 191 1381 218 44—8.
1399 191 1415 216 2

305 289 408 327 Surgo
433 292 466 318 ut
491 288 522 317 in
547 297 617 318 eam
642 287 672 316 iu
1365 293 1415 318 855

306 342 409 382 Atque
432 340 520 372 illam
545 341 575 371 in

749 397 979 430 Cleostrata

306 454 474 494 Perlepide
498 458 610 484 narrat

765 520 950 561 Olympio

306 576 439 607 Sauium

308 630 357 661 Ita
381 630 473 670 quasi
497 630 575 660 setis
601 629 692 660 labra
716 628 793 660 mihi
817 629 997 668 conpungit
1019 628 1129 659 barba.

307 683 467 715 Continuo
488 684 519 714 in
540 694 644 723 genua
661 683 799 714 astituto
817 686 931 723 pectus
949 681 1025 713 mihi
1046 681 1182 722 pedibus
1202 681 1348 722 perculit.
1368 691 1419 716 860

308 737 428 769 Decido
454 737 492 768 de
518 737 601 769 lecto
626 746 798 777 praeceps;
822 735 965 773 subsilit3
989 735 1142 767 obtundit
1165 746 1200 766 os
1225 735 1311 767 mihi.
1363 730 1367 735 ’

308 791 384 823 lude
410 792 495 822 foras
519 791 638 822 tacitus
662 790 834 831 proficiens
859 800 936 821 exeo
961 799 1030 821 cum
1056 793 1173 821 ornatu
1197 800 1262 830 quo
1286 790 1387 826 uides.

306 845 349 876 Ut
373 855 468 877 senex
492 845 553 877 hoc
576 845 689 876 eodem
714 844 839 885 poculo,
864 854 928 884 quo
952 854 1010 884 ego
1033 843 1109 882 bibi,
1132 843 1267 875 biberet.

751 920 983 952 Cleostrata

1200 973 1339 1015 Optume
1362 978 1420 1006 est.

309 1030 370 1061 Sed
395 1029 449 1061 ubi
476 1034 526 1061 est
551 1029 715 1071 palliolum
739 1029 852 1060 tuum?

776 1104 957 1145 Olympio

888 1158 947 1190 Hic
971 1159 1058 1190 intus
1081 1158 1207 1199 reliqui.

748 1235 985 1267 Cleostrata

311 1290 395 1328 Quid
420 1292 526 1322 nunc?
572 1290 662 1322 Satin
688 1290 794 1330 lepide
818 1290 909 1321 adita
932 1294 980 1321 est
1003 1289 1096 1321 uobis
1120 1290 1255 1321 manus?

775 1366 954 1408 Olympio

1228 1420 1354 1452 Merito.
1376 1428 1427 1453 865

312 1475 373 1506 Sed
398 1478 658 1516 concrepuerunt
681 1475 782 1513 fores;
806 1485 882 1506 num
906 1474 962 1506 illa
987 1484 1035 1506 me
1059 1484 1145 1506 nunc
1169 1474 1338 1515 sequitur?

688 1671 767 1703 SEN
772 1671 827 1703 EX
915 1671 1047 1703 EIDEM

753 1765 983 1806 Lysidainus

314 1820 464 1851 Maxumo
488 1831 546 1859 ego
570 1821 669 1852 ardeo
694 1820 816 1860 flagitio
839 1830 899 1850 nec
923 1819 1000 1859 quid
1019 1829 1114 1859 agam
1135 1821 1214 1851 meis
1234 1820 1330 1852 rebus
1349 1821 1425 1858 scio,

314 1873 378 1905 Nec
413 1884 515 1905 meam
551 1878 587 1906 ut
622 1885 752 1905 uxorem
788 1874 942 1914 aspiciam
980 1874 1041 1904 iam
1076 1877 1190 1905 contra
1224 1874 1339 1913 oculis;
1379 1875 1426 1906 ita

1023 1927 1182 1968 dispudet,

396 2048 446 2073 859
465 2047 569 2079 quamsi
590 2047 618 2073 E
706 2047 809 2073 labi-ani
897 2047 947 2072 860
967 2047 1075 2072 astanti
1093 2045 1146 2079 BI,
1167 2047 1250 2072 astuti
1270 2046 1299 2072 E
1375 2047 1426 2073 862

313 2089 456 2123 preficiens
468 2088 494 2115 Β
512 2090 672 2123 pruefitienn
683 2088 712 2115 Ε
759 2098 806 2116 nex
821 2098 854 2115 eo
869 2087 898 2114 E
948 2090 998 2114 865
1009 2088 1104 2115 addita
1155 2090 1205 2116 866
1216 2097 1400 2122 concrepuere
1411 2090 1429 2116 I

313 2133 361 2157 ⁸67
381 2141 448 2165 vrgo
469 2130 524 2157 BE
590 2133 640 2157 368
660 2133 712 2158 iam
732 2140 773 2158 om
860 2131 971 2165 disperii
