1596 2478
309 148 368 178 366
781 146 958 174 Mostellaria.

305 242 435 283 inquam
457 245 546 274 fuisse
569 244 666 273 credo.
690 259 731 264 —
761 246 831 273 957.
862 243 1040 275 destinasse
1061 245 1096 275 R.
1120 257 1184 282 em.‚
1211 247 1245 276 cs.
1271 249 1341 278 630.
1372 259 1424 277 nec

305 297 367 325 veri
391 296 486 324 similo
509 299 555 324 est
577 296 698 324 verbum
713 296 862 334 deponens
885 306 949 325 esse
970 306 1066 334 posse,
1089 301 1123 326 ut
1147 298 1210 327 vult
1229 297 1324 337 Gepp.
1338 298 1422 328 Stud.

305 347 333 375 11
356 357 384 385 p.
411 348 458 375 75.
505 346 643 376 Gulielmi
669 350 765 375 autem
790 348 988 376 coniecturam
1015 348 1212 385 „destinatam
1236 349 1419 379 Philolachi⁴²

304 399 458 436 redarguit
481 399 515 433 A,
541 400 570 426 in
594 408 653 436 quo
672 398 782 436 legitur
803 398 1053 434 „Philolnclien1“.
1067 415 1108 419 —
1121 401 1191 429 959.
1206 400 1277 430 Post
1288 399 1423 431 adsiduo

303 451 333 478 in
357 450 462 478 ceteris
490 449 641 478 codicibus
670 449 743 478 nihil
771 450 887 487 legitur,
918 451 948 479 in
971 452 1005 480 A.
1030 451 1203 480 Schwarzm.
1227 452 1301 489 legit
1323 452 1423 482 ACSI-

303 501 471 535 MULTIM,
496 500 610 529 Ritsch.
624 500 673 529 AC
687 523 692 528 .
708 524 714 529 .
729 524 736 530 .
755 522 762 528 .
776 501 810 537 L,
834 501 912 530 unde
925 502 1028 531 efficit:
1056 502 1118 538 „Sit
1130 503 1279 541 profectus
1291 513 1423 542 peregre,

303 556 367 581 tum
390 554 567 590 perpotasse
591 552 715 580 adsiduo
739 552 788 581 hic
810 551 928 581 simul“.

388 604 458 633 960.
483 600 554 639 Aio,
579 603 624 632 ed.
638 614 683 642 pr.
702 619 738 623 —
758 600 814 633 has
837 601 909 633 hinc
932 606 960 632 in
979 606 1004 633 A
1023 605 1096 641 legit
1113 604 1207 644 Gepp.
1226 604 1310 635 Stud.
1333 616 1362 644 p.
1383 608 1420 636 75

302 655 434 684 Studem.
465 655 541 683 Auu.
574 654 649 682 Phil.
680 655 774 684 CXIII
808 665 837 692 p.
870 657 923 690 66,
958 657 1007 693 qui
1037 656 1199 694 legitimam
1236 658 1421 695 pronominis

301 707 426 735 formam
456 704 546 735 hasce
575 707 716 735 restituit.
749 721 785 726 —
816 703 890 735 hinc
910 714 1086 743 proxumas
1114 711 1160 736 est
1188 718 1348 746 proxumas
1385 709 1421 738 ab

301 759 356 787 his.
381 773 421 777 —
445 758 516 786 961.
541 755 613 786 huic
635 765 714 796 quae
736 757 839 787 essent
860 758 982 794 Comen,
1012 762 1042 787 et
1070 759 1111 787 sic
1133 760 1169 787 A.
1193 774 1235 779 -—
1258 761 1318 789 962
1343 761 1372 791 iu
1395 760 1419 789 Β

301 807 365 839 aiio
388 810 477 838 fuisse
501 810 628 838 videtur.
655 824 692 828 —-
715 807 828 846 perdis,
853 820 892 839 sc.
916 820 972 845 me,
997 820 1023 837 v.
1047 810 1085 838 ad
1098 811 1179 839 Asin.
1200 811 1270 840 392.
1289 826 1330 830 —
1349 812 1419 840 963.

300 860 420 898 cantas,
443 871 470 889 v.
495 861 531 889 ad
556 860 660 889 Bacch.
686 862 756 890 979.
781 875 822 880 —
844 859 963 890 amicus
986 861 1082 896 codd„
1105 862 1184 900 quod
1218 863 1345 897 „amicus
1369 862 1416 892 es“

300 913 446 941 intellexit
469 912 593 940 Bonnet.
618 913 693 941 Ann.
717 912 790 950 phil.
814 912 880 941 CXI
907 923 937 950 p.
963 913 1033 942 885.
1067 927 1102 932 —
1135 914 1206 943 964.
1229 911 1283 942 Ειι
1305 911 1418 951 edepol,

299 975 326 993 v.
349 965 387 993 ad
412 965 486 993 331:
511 963 545 991 R.
573 961 675 999 „Heu“
700 964 829 1001 scripsit.
872 964 929 992 Pro
953 971 1022 993 eum
1044 964 1068 993 B
1091 975 1191 994 errore
1218 964 1362 1001 „meum“‚
1387 967 1417 994 in

297 1018 323 1045 A
347 1015 520 1045 Schwarzm.
549 1013 648 1050 „eius“
674 1015 731 1043 sibi
754 1015 858 1053 legisse
883 1015 1050 1044 videbatur.
1096 1015 1147 1044 R.:
1170 1026 1252 1051 „eum
1273 1015 1418 1052 merit0“;

297 1068 407 1105 Bugg.:
436 1077 519 1101 „eum
534 1064 606 1101 mi“;
631 1076 685 1102 ego
703 1067 794 1095 malui
814 1065 885 1102 ‚‚tu“
901 1067 1020 1096 addere.
1042 1082 1082 1086 —
1094 1064 1271 1104 praedicas,
1291 1069 1326 1097 cf.
1343 1068 1418 1098 Rud.

298 1119 373 1148 643:
396 1117 529 1156 „Edepol
542 1118 705 1146 infortunio
719 1118 862 1146 hominem
876 1118 1029 1156 praedicas
1043 1117 1240 1148 donabileffl.
1264 1120 1331 1148 Aul.
1347 1121 1417 1149 306.

298 1170 379 1198 Pers.
400 1170 470 1198 646.
505 1169 573 1198 Ter.
594 1168 670 1197 Eun.
690 1170 760 1198 354.
801 1169 861 1198 Nec
885 1169 972 1198 aliter
997 1168 1135 1202 ..uarraff
1161 1170 1226 1199 Ter.
1246 1171 1323 1199 And.
1344 1172 1416 1201 466.

298 1221 374 1250 Eun.
388 1221 460 1250 408.
485 1220 555 1249 Hoc.
572 1222 640 1249 152.
661 1235 701 1239 —
720 1222 790 1249 965.
808 1228 888 1257 prae
906 1229 999 1258 quam
1012 1220 1114 1249 Lamb.
1129 1231 1195 1257 em.‚
1219 1232 1246 1250 v.
1260 1222 1297 1250 ad
1311 1222 1417 1260 Amph.

299 1274 370 1303 628.
394 1287 436 1292 --
459 1268 594 1309 dapsilis
617 1272 663 1301 ed.
686 1283 742 1310 pr„
767 1282 794 1300 v.
819 1272 854 1300 ud
879 1273 946 1300 Aul.
973 1273 1041 1301 160.
1073 1287 1114 1291 —
1143 1273 1214 1302 966.
1245 1269 1344 1308 Unus,
1373 1284 1418 1302 ce-

297 1327 377 1353 teros
405 1334 464 1353 non
495 1326 594 1358 curat3
623 1323 659 1352 cf.
690 1323 809 1352 Trucul.
841 1324 916 1352 248:
949 1323 1019 1358 „sed
1047 1326 1093 1352 est
1121 1324 1188 1352 huic
1216 1334 1292 1353 uuus
1315 1334 1418 1353 seruos

296 1373 567 1405 uiolentissumus“.
603 1374 734 1403 Studem.
759 1374 822 1403 Iud.
848 1374 1013 1412 Gryphisw.
1036 1376 1198 1404 1870—71
1226 1385 1255 1414 p.
1276 1376 1314 1404 14
1333 1379 1419 1413 putat

296 1430 412 1456 tantum
431 1426 518 1455 modo
532 1426 569 1454 ad
583 1426 745 1463 augendam
758 1426 932 1464 superlativi
945 1426 1003 1454 vim
1018 1426 1160 1463 additum,
1179 1430 1213 1454 ut
1225 1427 1330 1465 Amph.
1346 1427 1416 1455 670.

296 1480 378 1508 Asin.
404 1480 474 1506 517.
500 1477 590 1506 Mei-c.
611 1478 681 1506 203.
705 1477 742 1506 al.
788 1477 864 1505 Mihi
886 1477 960 1506 illud
983 1478 1146 1515 simplicius
1171 1477 1298 1506 videtur.
1315 1493 1351 1497 —
1372 1478 1418 1507 est

294 1529 483 1559 sacerrimus
506 1530 546 1565 A3
569 1530 604 1558 cf.
629 1529 665 1557 ad
690 1529 793 1557 Bacch.
820 1529 889 1557 779.
909 1544 949 1548 —
968 1530 1039 1558 967.
1062 1529 1215 1558 conterere
1232 1529 1301 1558 olim
1316 1539 1415 1558 emen-

295 1582 408 1611 datum.
432 1578 557 1617 possiet
579 1580 658 1609 Cam.
683 1577 732 1609 uel
754 1577 895 1615 Herculi,
930 1581 1004 1608 lucri
1039 1580 1102 1609 deo.
1133 1580 1168 1608 cf.
1199 1580 1269 1609 Hor.
1294 1580 1355 1610 Sat.
1378 1580 1416 1616 11,

296 1636 323 1669 6,
351 1635 405 1662 12:
433 1633 533 1668 „dives
557 1632 649 1660 amico
674 1629 830 1660 Hercule“.
877 1631 955 1660 Pers.
981 1633 1008 1666 2,
1037 1632 1089 1660 10:
1117 1631 1159 1668 „O
1183 1632 1208 1660 si
1235 1631 1289 1660 sub
1318 1634 1415 1660 rastro

294 1689 395 1723 crepet
418 1684 535 1721 argenti
557 1683 630 1711 mihi
653 1683 730 1711 seria
749 1683 855 1712 dextro
870 1679 1026 1711 Hercule“.
1057 1686 1158 1712 annot.
1173 1683 1210 1711 nd
1223 1683 1328 1711 Bacch.
1344 1683 1414 1712 661.

295 1751 334 1755 -
359 1737 419 1765 968
443 1736 484 1763 sic
508 1735 601 1762 lectus
625 1737 669 1762 est
693 1735 721 1762 in
744 1735 779 1763 A.
805 1732 873 1762 eius
901 1734 1078 1771 bisyllabum
1103 1742 1156 1768 est,
1187 1744 1239 1763 nec
1267 1744 1340 1772 opus
1369 1738 1415 1762 est

293 1798 357 1816 cum
382 1787 416 1816 R.
445 1786 556 1821 .,nuuc“
583 1785 702 1814 addere.
735 1800 775 1805 ——-
805 1786 874 1814 969.
910 1784 955 1813 ita
978 1791 1007 1814 et
1036 1784 1151 1814 misero
1175 1783 1204 1813 ei
1226 1789 1306 1814 recte
1329 1785 1413 1814 codd.

294 1839 384 1873 Palm
407 1848 523 1866 errores
546 1838 571 1865 A
594 1840 720 1865 testatur
745 1837 837 1874 Gepp.
863 1836 945 1865 Stud.
970 1836 999 1864 11
1021 1847 1050 1875 p.
1076 1838 1124 1865 79.
1147 1851 1182 1855 —
1204 1834 1305 1874 cipro
1324 1846 1412 1874 spou-

292 1890 347 1918 deo
367 1893 420 1925 est,
446 1899 470 1917 v.
484 1889 600 1926 Proleg.
613 1899 641 1926 p.
657 1889 732 1924 2163
757 1888 790 1916 R.
808 1889 853 1923 „ei
867 1887 991 1916 misero‘*
1008 1888 1119 1924 edidit;
1143 1888 1201 1916 alia
1219 1887 1326 1926 Opusc.
1340 1887 1367 1916 11
1382 1897 1411 1926 p.

292 1942 351 1969 421
377 1942 514 1969 tentavit.
544 1955 585 1959 —-
615 1936 778 1975 corculum,
811 1949 836 1968 v.
857 1940 920 1968 Cas.
948 1936 1035 1977 3402
1059 1940 1242 1968 demiuutivn
1265 1939 1345 1968 nulla
1368 1940 1412 1967 vis

291 1993 378 2021 inest.
392 2007 432 2011 —
446 1993 516 2020 970.
538 1988 622 2027 Quid
643 1998 763 2019 nwrear
785 1995 851 2026 cet.‚
875 1991 910 2018 cf.
926 1991 996 2019 302.
1016 2005 1057 2009 —
1076 1992 1146 2019 971.
1169 1988 1251 2019 istas
1273 1993 1303 2018 et
1327 1987 1412 2018 intus

291 2044 382 2072 estA.
396 2058 436 2062 ——-
456 2044 526 2071 972.
551 2039 696 2071 abeamus
714 2043 759 2070 ed.
774 2053 818 2080 pr.
833 2057 872 2061 —
887 2043 946 2070 973
966 2043 995 2069 iu
1013 2042 1077 2070 solo
1095 2042 1121 2070 A
1134 2044 1248 2076 exstat,
1273 2041 1309 2069 de
1328 2042 1411 2070 cuius

292 2095 424 2132 vestigiis
454 2104 479 2122 v.
511 2093 652 2131 Geppert.
683 2093 767 2122 stud,
797 2103 825 2131 p.
850 2095 898 2122 77.
964 2093 1074 2122 Ritsch.
1105 2094 1146 2121 sic
1176 2093 1410 2122 reconcinnavit:
