1596 2478
655 172 686 200 V.
708 174 797 199 1—18.
1231 171 1291 200 249

169 271 259 300 nolim
282 280 346 299 cum
366 270 579 305 Fleckeisenim
603 271 676 298 Anu.
697 270 769 307 phil.
788 268 867 297 CVII
891 279 919 306 p.
941 268 1010 302 503,
1036 266 1172 295 Latinam
1197 266 1290 294 inter-

170 323 322 351 iectionem
341 322 444 359 utique
462 321 499 350 ad
512 321 646 350 Graecum
667 317 727 358 εὖγε
746 318 1023 349 accommodandam
1044 328 1107 346 esse
1127 317 1235 346 dicere.
1251 331 1292 335 —

173 374 218 401 10.
253 369 402 407 habitior,
432 373 587 410 pinguior,
615 376 648 399 ut
676 372 718 400 ait
741 371 847 399 Festus
872 370 926 407 Ep.
950 380 979 407 p.
1012 370 1085 406 102,
1116 378 1152 396 ex
1175 368 1292 397 Donato

169 423 340 452 emendatus
364 423 400 452 nd
419 423 486 451 Ter.
506 422 580 450 Eun.
596 423 672 450 315:
701 422 749 457 „Si
775 424 861 459 quast
885 421 1015 449 habitior
1039 419 1137 456 paulo,
1160 419 1290 456 pugilem

169 484 232 503 esse
255 472 367 502 aiunt‘⁸.
413 474 456 502 Cf.
482 473 592 502 Masur.
617 473 716 502 Sabin.
741 473 819 510 apud
843 472 918 500 Gell.
938 471 986 505 lv,
1007 472 1055 505 20,
1080 471 1131 498 ll:
1165 479 1291 507 „equum

169 526 254 554 nimis
277 525 435 560 strigosum
460 527 489 553 et
512 525 588 553 male
611 524 761 558 habitum,
791 523 842 551 sed
872 524 1002 560 equitem
1025 523 1087 550 eius
1111 521 1291 549 uberrimum

169 579 198 604 et
221 575 436 604 habitissimum
460 574 629 603 viderunt.“
657 590 695 594 —
720 572 812 608 Huic,
837 576 855 602 i.
877 584 900 601 e.
922 574 1029 607 manui,
1051 570 1164 609 qratia,
1189 582 1227 600 se.
1242 572 1292 600 ha-

169 627 263 656 benda
287 629 344 661 est,
376 627 411 654 cs.
436 626 502 654 Ter.
528 626 583 654 Ad.
612 627 679 654 121.
738 625 879 653 Milituris
908 634 1010 652 servus
1034 625 1144 652 virtute
1167 634 1199 651 se
1223 633 1292 661 opes

168 679 307 716 quaesisse
330 677 490 714 gloriatum
522 677 664 714 Epidicus
693 686 810 704 manum
841 676 921 704 furto
952 678 1099 703 assuetam
1123 684 1186 701 esse
1211 674 1291 702 dicit.

171 744 207 749 —
231 730 266 757 11
292 739 336 766 sq.
355 738 391 756 ex
410 729 433 756 A
454 728 548 763 edidi;
582 728 671 765 vulgo
695 738 785 756 unum
809 727 1009 764 septenarium
1034 726 1155 760 faciunt,
1180 725 1292 753 Camer.

172 778 411 817 ,‚deperdidisse“
437 779 577 813 scribens,
608 779 743 807 Mueller.
768 779 887 807 Nachtr.
914 788 941 815 p.
970 778 1043 805 124:
1078 777 1201 814 „edepol
1226 787 1293 814 per-

169 831 308 859 didisse⁴'.
339 845 379 849 —
412 831 460 859 13.
497 830 591 864 „Hine
621 831 794 858 Ammianus
823 829 914 857 Marc.
945 827 1008 863 XV,
1041 829 1087 862 13,
1119 828 1153 855 3:
1189 832 1222 855 ut
1252 828 1294 856 ait

169 882 307 916 comicus,
336 884 399 909 arte
429 881 568 918 despecta
596 881 744 909 furtorum
768 882 888 918 rapiens
911 877 1095 916 p1·opalam.“
1134 878 1228 917 Gepp.
1253 894 1294 898 —

173 934 293 962 14—19
319 942 375 960 uua
400 941 464 960 cum
491 933 592 961 5—-13
618 933 689 960 ferri
715 942 771 959 non
801 941 900 969 posse,
937 934 966 958 et
996 930 1045 957 alii
1075 930 1294 958 contenderunt

169 988 197 1012 et
223 984 355 1020 Langen.
380 983 581 1011 Plautinische
605 982 728 1010 Studien
753 980 864 1019 (1886)
894 992 923 1019 p.
949 982 1024 1015 288,
1054 982 1292 1018 properationem

169 1034 334 1063 Plautinum
360 1043 464 1071 parum
490 1034 699 1070 intelligentes.
729 1049 770 1052 —
804 1033 849 1062 14.
881 1033 908 1060 te
936 1028 1096 1066 infelicent
1118 1032 1151 1058 A.
1206 1031 1294 1059 Verbi

168 1086 230 1114 haec
250 1085 313 1113 sola
333 1086 427 1113 forma
439 1085 519 1121 apud
533 1084 670 1113 Plautum
684 1086 842 1119 invenitur,
868 1095 894 1112 v.
909 1084 1004 1112 Oasin.
1021 1083 1090 1110 228.
1116 1082 1206 1111 Mero.
1221 1084 1292 1111 428.

168 1136 256 1165 Poen.
282 1137 354 1164 447.
390 1136 465 1164 Rud.
491 1137 561 1164 874.
585 1137 681 1171 1212;
717 1135 880 1172 eademque
910 1135 974 1162 iure
999 1134 1139 1161 restituta
1163 1137 1207 1161 est
1231 1134 1293 1162 Cae-

168 1188 236 1216 cilio
267 1197 314 1224 ap.
338 1187 414 1215 Non.
440 1198 468 1224 p.
496 1187 573 1222 126,
608 1187 657 1215 ubi
689 1186 773 1215 codd.
807 1182 1035 1222 ,‚infelicitent“‚
1067 1195 1093 1212 v.
1119 1184 1293 1213 Buecheler.

169 1238 244 1267 Mus.
269 1238 362 1266 Rhen.
387 1238 441 1266 XV
464 1248 492 1275 p.
518 1238 588 1266 433.
614 1253 654 1256 —
677 1235 707 1266 is
730 1237 882 1266 Scutarius
907 1236 1088 1270 emendavit3
1116 1234 1184 1271 „es“
1208 1236 1293 1264 codd.

169 1293 198 1318 et
220 1290 346 1318 fortasse
362 1287 396 1323 A,
422 1289 473 1317 sed
496 1289 638 1326 gradibus
662 1289 826 1325 grandibus
850 1298 913 1316 esse
937 1297 991 1326 pro
1015 1288 1057 1314 ire
1082 1296 1139 1314 non
1165 1290 1209 1315 est
1232 1288 1296 1315 veri

169 1341 264 1369 simile
294 1340 431 1368 Plautum
461 1339 577 1368 dixisse.
640 1339 674 1368 In
702 1340 725 1368 B
756 1338 789 1368 tu
818 1340 901 1377 prius
936 1339 1075 1367 omissum
1110 1338 1226 1373 eadem,
1262 1340 1296 1366 ut

169 1392 241 1420 inihi
264 1391 437 1427 videbatur,
461 1401 548 1419 manu
573 1390 706 1419 additum
731 1394 790 1426 est,
814 1400 868 1419 nec
891 1390 967 1425 vidi,
993 1388 1072 1426 quod
1096 1390 1138 1416 ait
1162 1389 1294 1417 Studem.

169 1442 247 1480 apud
261 1442 365 1480 Gepp.,
390 1443 485 1479 prima
510 1452 595 1470 manu
617 1441 676 1474 „is“
698 1443 843 1479 seriptum
862 1442 961 1470 fuisse.
997 1440 1099 1468 Muell.
1115 1440 1196 1468 Pros.
1210 1451 1239 1478 p.
1255 1441 1294 1467 44

173 1504 255 1529 „eum
285 1495 344 1521 tuis
372 1492 435 1530 g1·.“
468 1494 571 1521 voluit.
631 1490 775 1521 GramIes
801 1490 919 1530 {st-atlas
950 1492 1094 1520 militares
1124 1494 1222 1526 eraut,
1259 1491 1294 1519 cf.

169 1544 275 1573 Pseud.
312 1546 405 1573 1049:
450 1544 544 1579 „Quin
579 1544 645 1572 hinc
679 1554 810 1572 meamus
840 1544 987 1580 'gradibus
1022 1542 1216 1570 militariis?“
1257 1557 1295 1561 ——

173 1596 219 1624 15.
245 1592 330 1631 apud
344 1594 470 1631 portam
493 1596 657 1623 rectissime
681 1596 849 1623 emendavit
874 1594 1042 1630 Laugrehr,
1073 1597 1104 1621 ut
1131 1593 1209 1621 infra
1233 1594 1293 1621 218

169 1648 194 1674 A
219 1650 249 1674 et
272 1646 299 1680 1,
331 1647 391 1674 222
421 1647 510 1674 etiam
534 1646 567 1674 Β.
624 1646 732 1674 Thebis
762 1646 895 1674 Athenas
924 1646 1082 1673 redeuntes
1114 1644 1143 1671 in
1173 1647 1295 1681 portum

171 1697 270 1726 venire
293 1707 350 1725 nou
370 1700 516 1734 poterant.
537 1712 577 1716 —
595 1694 745 1726 curriculo
759 1698 780 1732 I,
806 1697 842 1725 cf.
857 1696 893 1725 ad
907 1696 995 1724 Most.
1010 1695 1081 1723 354.
1094 1709 1136 1713 —
1157 1696 1204 1723 16.
1229 1692 1292 1723 adi-

163 1745 311 1785 piscendi
344 1748 428 1776 codd.
460 1758 523 1776 cum
552 1748 593 1784 A;
629 1748 714 1777 Both.
752 1751 782 1776 et
816 1747 919 1776 Goetz.
959 1745 1161 1784 „apiscendi“,
1196 1756 1222 1774 v.
1258 1745 1296 1774 ad

170 1798 253 1837 Capt.
278 1800 339 1827 482
364 1809 429 1827 cum
454 1799 608 1828 addendis.
639 1814 680 1818 —
716 1796 849 1834 Scurra,
884 1798 971 1827 homo
1003 1798 1133 1826 urbanus
1162 1799 1192 1825 et
1222 1797 1294 1825 deli-

170 1852 266 1885 catus,
303 1861 329 1878 v.
358 1850 395 1878 ad
425 1849 510 1878 Cure.
536 1851 606 1878 296.
647 1850 743 1879 Catul.
769 1851 817 1886 22,
851 1851 898 1878 12.
933 1864 972 1868 —
1013 1850 1059 1876 17.
1094 1846 1233 1886 equidem
1258 1848 1294 1884 A,

169 1910 196 1928 v.
216 1900 252 1928 ad
270 1901 378 1938 Amph.
398 1902 468 1929 757.
492 1915 534 1920 —
563 1897 724 1930 Audacter
747 1898 892 1939 quamuis
917 1897 1019 1934 dicito,
1045 1900 1081 1928 cf.
1106 1900 1197 1927 Mero.
1225 1900 1294 1927 718.

170 1951 315 1988 Thesprio
339 1951 552 1989 gloriabundus
576 1953 626 1987 ait,
651 1954 676 1980 si
701 1953 859 1980 militarem
884 1962 914 1979 se
938 1951 1057 1985 dixerit,
1083 1950 1195 1978 nullum
1216 1950 1294 1987 peri-

170 2001 267 2030 cnlum
291 2012 353 2031 esse
378 2013 414 2030 ne
438 2003 605 2037 mentiatur,
630 2012 657 2030 v.
678 2002 763 2040 Capt.
784 2004 854 2031 624.
874 2002 911 2030 al.
932 2015 968 2021 —-
994 2003 1039 2030 18.
1068 2001 1164 2037 „Quid
1187 1998 1292 2036 agis?“

169 2054 195 2080 A
219 2056 248 2081 et
273 2053 309 2088 B;
337 2050 422 2090 Quid
443 2051 516 2081 ais?
541 2054 666 2088 Camer.‚
690 2056 720 2081 et
742 2054 784 2081 sic
807 2053 829 2088 Ι,
855 2054 891 2082 cf.
917 2054 955 2081 30
981 2056 1010 2081 et
1033 2052 1071 2080 ad
1094 2052 1201 2088 Amph.
1222 2052 1294 2079 414.

172 2118 205 2122 —
232 2102 404 2140 perpetuen
432 2107 462 2132 et
485 2104 508 2132 B
539 2107 568 2133 et
591 2104 621 2140 1;
658 2104 704 2132 ed.
728 2115 773 2142 pr.
799 2108 828 2133 et
853 2104 931 2140 vulg.
958 2102 1152 2142 ,‚pe1·petuo“.
1212 2101 1295 2132 Neue
