1596 2478
282 190 339 219 134
794 185 885 212 Plauti
1192 184 1238 217 lv.
1257 187 1282 219 2,
1301 187 1402 213 25—34

689 279 1001 320 Theopropides

980 332 1070 371 Quae
1094 333 1175 365 haec
1197 336 1249 366 est
1270 333 1404 366 fabula?

707 385 819 418 Alter
839 396 975 417 seruos

281 442 432 473 Etiamne
451 441 582 482 aperis?
617 440 827 472 Callidamati
846 444 959 471 nostro
979 440 1156 472 aduorsum
1175 441 1335 473 uenimus.
1354 450 1406 475 920

690 494 997 535 Theopropides

282 549 372 580 Heus
386 559 454 586 uos,
474 548 576 589 pueri,
597 547 673 589 quid
693 548 767 579 istic
785 548 905 587 agitis?
928 547 1006 588 quid
1024 548 1106 579 istas
1127 547 1217 579 aedis
1234 547 1405 588 frangitis?

337 628 341 633 .
389 612 448 634 nec
471 601 549 643 quid
574 605 609 633 tu
634 604 845 642 percontator
891 625 1110 632 .....

284 682 290 687 .
330 691 339 699 ·
337 679 611 687 ......
657 665 737 696 prae
760 655 900 686 triennio
930 667 933 669 >

284 733 665 748 ........
711 708 825 740 audias

284 788 504 795 .....
551 762 630 803 quid
653 763 702 794 ais
726 762 868 794 animule
913 788 920 794 .
965 786 971 792 .
1018 788 1024 794 .
1356 771 1406 796 925

446 842 452 848 .
498 816 562 848 huo
585 816 716 858 quidem
739 819 789 848 est
835 842 840 847 .
887 841 893 847 .
941 840 947 846 .

703 911 992 951 Iheopropidcs

382 966 446 998 Sed
470 966 547 1007 quid
572 966 666 998 uobis
689 969 740 998 est
762 967 873 1005 negoti
898 966 972 997 hic?

734 1025 961 1057 Phaniscus

1013 1068 1165 1109 Eloquar.

285 1111 370 1143 Erus
394 1111 448 1142 hic
471 1114 583 1142 noster
606 1114 709 1151 potat.

695 1169 1008 1210 Theopropides

738 1223 821 1255 Erus
845 1223 896 1255 hic
920 1227 1032 1256 noster
1054 1224 1170 1264 potat?

733 1282 956 1314 Phaniscus

1206 1336 1259 1368 Ita
1280 1337 1406 1378 loquor.

703 1390 993 1430 Theopropides

287 1445 401 1484 Puere,
425 1445 560 1476 nimium
584 1456 619 1477 es
643 1444 813 1476 delicatus

736 1497 957 1530 Phaniscus

849 1552 887 1583 Ei
911 1552 1089 1584 aduersum
1113 1553 1272 1583 uenimus.

695 1605 1006 1647 Theopropides

286 1659 368 1698 Quoi
392 1660 536 1692 homini?

736 1713 956 1745 Phanisous

372 1767 437 1799 Ero
462 1772 584 1799 nostro.
631 1766 771 1805 Quaeso,
795 1769 946 1808 quotiens
971 1767 1149 1799 dicundum
1173 1771 1224 1798 est
1247 1767 1331 1798 tibi‘?
1358 1775 1410 1801 930

695 1820 1002 1862 Theopropides

286 1875 405 1912 Puere,
441 1885 535 1906 nemo
566 1874 618 1906 hic
647 1874 793 1913 habitat3
829 1885 904 1906 nam
936 1879 967 1906 te
997 1885 1068 1906 esse
1103 1874 1246 1906 arbitror
1274 1885 1407 1915 puerum

1003 1928 1151 1969 probum.

355 2031 406 2056 920
425 2030 586 2056 calidamati
658 2030 777 2056 922—27
796 2038 846 2056 om.
866 2029 915 2056 BC
979 2031 1030 2056 928
1047 2030 1077 2055 A.
1099 2029 1186 2056 Herus
1206 2028 1231 2053 B
1294 2032 1370 2055 ustor
1389 2028 1411 2054 C

285 2073 335 2098 929
355 2080 423 2104 puer
442 2072 491 2098 BC
553 2073 665 2098 nimium
687 2072 840 2098 aduncatus·
859 2073 883 2097 ei
945 2073 997 2098 930
1015 2071 1163 2098 dicendust
1182 2071 1207 2097 Δ
1268 2073 1315 2097 931
1336 2071 1409 2097 Puer

285 2114 329 2140 hic
349 2123 430 2140 nemo
449 2114 500 2141 BC
