1596 2478
299 182 360 211 230
809 178 901 205 Plauti
1220 179 1251 212 V,
1269 182 1294 211 7,
1313 181 1415 208 44—59

294 273 341 305 Ne
366 274 470 305 minus
493 274 621 313 inpares
645 272 732 310 mihi,
756 283 855 314 quam
879 283 978 314 quom
1002 278 1076 306 tuus
1100 285 1213 307 seruos
1238 274 1293 306 fui.

295 327 390 368 Apud
410 326 467 359 ted
482 326 650 364 habitabo,
671 331 712 365 et,
736 327 866 368 quando
884 327 958 364 ibis,
981 338 1045 360 una
1063 332 1169 360 tecum
1193 328 1246 360 ibo
1272 328 1413 361 domum.

713 411 996 445 Menaechmus

295 463 448 495 Minume.

754 542 953 575 Messenio

381 595 473 628 Nunc
496 596 550 628 ibo
574 597 604 628 in
630 596 816 636 tabernam3
840 607 922 629 uasa
945 601 1044 638 atque
1067 600 1237 638 argeutum
1261 598 1322 630 tibi
1347 607 1412 632 1016

297 650 454 682 Referam.
502 651 601 682 Recte
625 655 675 683 est
698 650 903 691 obsignatum
929 651 962 683 in
985 651 1098 683 uidulo
1123 653 1344 693 marsuppium

296 704 377 737 Cum
400 705 537 744 uiatiom
560 705 592 737 id
617 704 677 737 tibi
701 705 764 737 iam
787 705 851 736 huc
875 704 1034 737 adseram.

715 790 746 822 M
756 801 772 822 e
781 800 851 822 nae
860 800 877 822 c
887 790 944 822 hm
954 801 996 822 us

1083 844 1183 876 Adfer
1207 849 1348 877 strenue.

754 921 958 953 Messenio

295 974 427 1007 Saluom
450 975 520 1013 tibi,
544 975 591 1007 ita
615 978 651 1007 ut
674 974 751 1006 mihi
777 975 904 1012 dedisti,
928 975 1074 1007 reddibo.
1121 975 1182 1007 Hic
1206 986 1254 1007 me
1278 986 1381 1008 mane.

711 1060 997 1092 Menaechmus

295 1114 402 1145 Nimia
415 1114 497 1146 mira
509 1114 586 1145 mihi
600 1113 732 1155 quidem
751 1114 847 1146 hodie
868 1118 981 1146 exorta
999 1118 1075 1146 sunt
1095 1115 1184 1146 miris
1203 1114 1323 1146 modis:
1349 1123 1416 1149 1020

295 1167 372 1208 [Alii
393 1178 442 1200 me
461 1171 582 1208 negant
602 1179 674 1200 eum
695 1179 776 1207 esse,
799 1169 854 1209 qui
871 1179 953 1207 sum,
977 1171 1077 1210 atque
1101 1168 1280 1201 excludunt
1302 1168 1414 1210 foras]

294 1221 354 1254 Uel
367 1221 420 1253 ille
434 1223 489 1263 qui
502 1232 631 1254 seruom
644 1233 715 1254 esse
726 1233 760 1254 se
772 1233 880 1254 meum
893 1222 994 1260 aibat,
1013 1233 1109 1263 quem
1127 1233 1185 1262 ego
1200 1223 1292 1254 emisi
1307 1233 1412 1261 manu,

292 1276 324 1308 Is
347 1277 395 1308 ait
419 1286 453 1308 se
479 1275 556 1307 mihi
579 1276 766 1308 adlaturum
790 1285 863 1308 cum
887 1281 1022 1317 argento
1046 1278 1278 1318 marsuppium.

292 1329 331 1362 Id
353 1330 380 1361 si
404 1330 572 1368 adtulerit,
596 1330 703 1362 dicam
727 1333 765 1362 ut
787 1340 807 1361 a
830 1340 880 1361 me
905 1330 1003 1362 abeat,
1026 1329 1117 1368 liber,
1141 1341 1206 1372 quo
1231 1330 1329 1369 uolet,

294 1384 340 1416 Ne
359 1386 437 1423 tum,
455 1384 588 1426 quando
608 1395 707 1416 sanus
726 1384 832 1416 factus
853 1385 904 1422 sit,
924 1395 944 1416 a
964 1395 1012 1417 me
1031 1389 1202 1424 argentum
1222 1388 1322 1425 petat.
1349 1393 1414 1419 1025

293 1438 392 1470 Socer
416 1441 448 1469 et
471 1438 614 1470 medicus
639 1449 688 1469 me
712 1439 855 1470 insanire
880 1437 1001 1470 dicunt.
1039 1438 1124 1476 Quid
1147 1439 1200 1476 sit,
1222 1438 1304 1470 mira
1327 1442 1412 1470 sunt.

292 1492 381 1524 Haec
404 1492 506 1524 nihilo
531 1502 602 1523 esse
626 1491 704 1523 mihi
729 1492 884 1524 uidentur
909 1493 1008 1524 setius
1031 1503 1131 1534 quam
1156 1493 1290 1524 somnia.

292 1546 387 1578 Nunc
410 1546 465 1578 ibo
488 1547 574 1578 intro
598 1546 640 1577 ad
664 1547 746 1578 hanc
775 1546 992 1584 meretricem,
1023 1557 1220 1588 quamquam
1244 1550 1411 1578 suscenset

1010 1600 1096 1638 mihi,

293 1654 326 1686 Si
340 1664 472 1695 possum
492 1665 635 1692 exorare,
654 1659 690 1687 ut
708 1655 830 1696 pallam
848 1654 974 1693 reddat,
995 1665 1092 1696 quam
1111 1654 1250 1686 referam
1270 1654 1412 1686 domum.

364 1865 426 1890 1015
446 1868 473 1890 te
555 1866 618 1890 1016
639 1873 718 1890 nassa
736 1864 763 1890 B
840 1868 868 1890 at
889 1864 910 1890 C
992 1866 1055 1890 1017
1075 1865 1258 1896 obsignaunm
1279 1863 1300 1890 C
1368 1863 1412 1890 Se-

292 1908 384 1940 quitur
403 1908 473 1935 1024
491 1915 541 1934 suo
560 1908 618 1934 loco
636 1907 752 1934 rediens.
829 1907 893 1932 1018
914 1907 1000 1932 uiatio
1020 1907 1042 1933 C
1111 1907 1185 1933 SER.
1206 1907 1234 1932 id
1254 1905 1281 1932 Β
1351 1906 1415 1932 1019

293 1949 340 1975 sed
360 1949 448 1976 habeo
468 1950 502 1981 B,
522 1950 655 1976 redhibeo
675 1949 697 1976 C
752 1958 794 1975 me
815 1958 894 1975 mane
915 1957 964 1975 om.
1027 1950 1091 1975 1020
1111 1951 1204 1975 multis
1224 1948 1312 1975 modis
1351 1949 1411 1974 1021

293 1993 435 2018 exclusum
454 1992 480 2018 B
535 1993 599 2018 1022
617 1992 709 2018 Etiam
729 1991 775 2018 hic
795 2000 905 2018 sernum
962 1993 1052 2018 nii-hat
1107 1993 1170 2018 1023
1191 1992 1258 2017 mihi
1277 1999 1326 2018 om.
1344 1990 1367 2017 C

293 2035 462 2068 marsopium
482 2034 517 2066 B,
538 2035 726 2068 marsuppium
749 2033 771 2061 G
871 2035 934 2060 1024
955 2034 1018 2067 Ipse
1038 2035 1173 2060 adtulerit
1194 2033 1219 2059 B
1313 2033 1415 2059 habeat

294 2077 359 2103 1025
378 2076 503 2104 Necdum
524 2076 558 2107 Β,
579 2076 687 2103 Nedum
708 2076 730 2103 Ο
798 2085 813 2102 a
832 2085 875 2102 me
895 2084 944 2103 om.
966 2076 989 2103 C
1064 2078 1128 2102 1026
1147 2076 1279 2102 dicebaut
1350 2075 1415 2101 1027

293 2126 338 2146 sec
358 2128 474 2153 usquam
496 2119 522 2146 Β
584 2128 680 2145 somna
700 2119 727 2146 Β
793 2120 856 2145 1029
875 2119 996 2145 domum.
1017 2119 1213 2146 Menaechmus
1233 2118 1370 2144 mesneuio
1390 2117 1416 2144 B
