1596 2478
608 181 785 207 Mostellaria.
1192 182 1252 211 299

137 275 177 315 (p.
203 278 241 305 33
265 277 309 305 ed.
336 274 368 312 2)
397 278 543 305 assentior
567 288 630 306 earn
655 278 720 306 aliis
743 278 918 315 quibusdam
943 278 1142 314 postponenti.
1197 276 1252 304 Re-

136 329 297 356 centiorum
322 338 438 366 qnoque
462 332 614 365 poetarum
638 340 694 358 non
719 330 804 366 pauci
828 330 934 357 imitati
963 331 1040 357 sunt.
1092 327 1136 356 Ex
1159 328 1252 356 Gallis

138 379 296 408 Lorenzins
326 391 353 417 p.
379 381 415 408 61
442 379 529 407 affert
554 381 654 409 Pierre
684 381 710 408 la
735 380 841 417 Rivey,
876 381 927 417 qui
954 380 1028 415 „Les
1051 379 1190 417 esprits“,
1224 383 1254 407 et

138 431 323 468 Montfleury,
360 433 410 469 qui
448 430 508 465 „Le
542 432 694 460 comedien
728 430 833 469 poete“
871 432 998 468 scripsit.
1053 430 1150 459 Etiam
1180 431 1252 459 Des-

136 483 257 511 touches
276 486 399 520 propter
421 483 479 517 „Le
502 483 641 511 tambour
665 480 826 510 nocturn&
852 482 898 511 hie
921 483 1144 511 commemorari
1168 492 1254 519 posse

136 535 178 562 ait
203 534 316 562 Bonnet
345 535 373 562 in
401 533 586 562 Jahrbiicher
615 535 633 562 f.
661 533 765 562 Philol.
789 533 852 561 CXI
877 543 904 570 p.
931 535 1000 562 885.
1059 534 1185 572 Propius
1216 533 1254 561 ad

137 586 272 613 Plautum
308 588 337 613 et
366 588 539 621 argumento
568 588 598 613 et
627 586 733 613 merito
764 585 876 612 accedit
905 584 1058 621 Regnard,
1093 585 1176 613 cuius
1210 587 1255 613 est

139 637 198 671 „Le
223 640 323 665 retonr
347 635 511 674 imprevu“.
559 637 634 665 Hinc
657 637 792 664 derivata
810 640 851 664 est
876 636 976 663 fabula
995 636 1152 672 Fieldingii
1166 636 1253 673 Angli

104 695 106 697 '
138 688 217 723 „The
249 689 412 724 intriguing
434 687 690 716 Chamhermaid*‘.
749 687 914 724 Dnnlopius
946 691 1042 715 autem
1067 687 1202 724 (History
1225 688 1255 716 ot

138 741 247 768 Roman
278 740 446 768 litterature
477 741 487 767 l
516 750 545 776 p.
571 736 646 775 209)
682 740 769 767 etiam
799 739 997 776 antiquiorem
1021 738 1152 767 fabulam
1178 739 1254 775 Hey-

136 792 240 820 woodii
267 792 347 826 „The
370 790 493 828 English
517 790 688 819 Traveller“
715 793 744 818 et
767 790 900 818 Italicam
925 790 1104 827 Bentivoglii
1129 790 1159 824 „1
1179 790 1254 818 Fan-

136 840 241 871 tasmi“
262 843 298 870 ad
318 842 533 871 Mostellariem
557 843 667 870 fontem
692 842 792 870 refert.
838 842 894 870 Sed
919 845 986 869 ante
1009 851 1109 870 omnes
1132 851 1254 869 comme-

136 894 294 923 morandus
312 898 357 921 est
376 893 554 929 Holbergius
573 897 697 926 nostras,
723 893 805 922 cuius
829 893 929 921 fabula
952 903 1095 930 perquam
1120 893 1254 928 ridicula,

136 955 200 983 quae
219 945 428 974 Abraeudabra
446 946 627 980 inscribitur,
653 955 689 973 ex
708 945 892 973 Mostellaria
909 954 1049 982 expressa
1067 947 1121 979 est,
1140 945 1255 973 omissis

137 1000 234 1025 tamen
258 999 288 1024 et
305 997 501 1025 adulescentis
520 997 710 1034 querimoniis
729 999 758 1024 et
776 996 950 1024 feminarum
969 996 1112 1032 personis,
1130 1005 1255 1033 quarum

136 1048 213 1086 apud
239 1048 374 1077 Plautum
398 1059 456 1077 non
479 1059 572 1087 parva
595 1049 742 1076 festivitas
766 1051 796 1075 et
819 1047 968 1085 elegantia
991 1050 1044 1075 est.

220 1099 407 1135 Singularem
436 1101 572 1128 iniuriam
602 1100 663 1128 haec
685 1098 786 1128 fabula
810 1099 880 1127 olim
904 1101 1029 1136 experta
1052 1102 1097 1127 est
1118 1102 1255 1136 transpo-

135 1152 202 1179 sitis
236 1160 305 1179 casu
338 1151 426 1179 foliis.
487 1151 548 1179 Iam
591 1153 658 1180 ante
692 1151 883 1187 archetypum
917 1149 1050 1178 codicum
1084 1153 1255 1179 nostrorum

135 1203 278 1240 scriptum
301 1203 438 1231 foliorum
462 1213 517 1241 par
539 1203 585 1231 vel
609 1202 761 1241 duplicata
784 1202 954 1230 membrana
977 1211 1079 1230 versus
1103 1202 1256 1230 continens

138 1254 303 1282 787—866
323 1255 364 1282 ita
382 1255 496 1283 inverse
517 1257 570 1289 est,
595 1257 628 1282 ut
651 1254 799 1292 posterius
822 1254 924 1282 folium
937 1250 1112 1290 (827—66)
1128 1254 1256 1291 priorem

136 1306 231 1334 locum
255 1309 385 1341 teneret,
411 1306 494 1343 prius
525 1304 721 1342 (787—826)
744 1306 948 1343 posteriorem.
1006 1304 1118 1339 Quibus
1151 1305 1193 1332 sic
1227 1305 1256 1332 in

136 1357 296 1395 archetypo
320 1357 476 1395 descriptis
500 1367 588 1395 quum
614 1358 642 1385 in
665 1358 829 1394 posteriore
851 1357 961 1394 pagina
979 1356 1060 1384 locus
1077 1359 1255 1393 superesset,

136 1409 233 1437 versui
258 1410 317 1437 826
343 1409 436 1437 additi
461 1413 528 1437 sunt
553 1409 708 1438 867—68.
761 1407 836 1436 Tum
865 1411 964 1436 autem
986 1409 1079 1446 ipsius
1103 1407 1256 1445 archetypi

136 1460 194 1489 duo
217 1460 288 1488 folia
311 1470 412 1488 versus
437 1462 605 1489 590——672
629 1460 812 1488 continentia
842 1469 911 1488 casn
935 1460 1037 1488 avulsa
1060 1460 1162 1488 alienis
1186 1460 1256 1487 locis

136 1513 247 1540 inserta
270 1514 354 1545 sunt,
388 1513 472 1549 prius
495 1515 563 1550 post
585 1521 611 1539 v.
638 1512 713 1547 868,
749 1512 874 1540 alterum
905 1514 973 1549 post
999 1511 1093 1545 1047,
1130 1520 1256 1547 eumque

136 1564 273 1592 foliorum
307 1566 358 1592 aut
386 1572 524 1591 versuum
553 1563 688 1591 ordinem
719 1562 833 1591 codices
861 1563 930 1590 inde
964 1562 1105 1599 descripti
1136 1562 1159 1590 B
1183 1565 1212 1590 et
1234 1562 1256 1590 C

136 1615 284 1652 ceterique
306 1625 406 1643 omnes
428 1617 597 1643 tennerunt.
644 1614 716 1642 Tam
740 1623 845 1650 graves
867 1614 962 1642 turbae
980 1624 1039 1642 non
1057 1613 1108 1641 diu
1126 1613 1257 1642 editores

135 1666 320 1701 fefellerunt;
343 1668 455 1704 primus
478 1666 614 1703 PyladeS‚
637 1670 700 1694 tum
724 1666 876 1702 Angelius,
900 1668 1052 1703 postremo
1069 1666 1256 1694 Camerarius

136 1719 235 1755 sagaci
258 1719 377 1755 ingenio
400 1718 544 1756 pleraque
566 1719 772 1753 restituerunt,
797 1720 835 1752 et,
860 1718 916 1746 nisi
940 1717 1020 1755 quod
1043 1717 1154 1746 Pareus
1177 1716 1256 1746 codi-

136 1779 201 1798 cum
224 1769 355 1798 ordinem
379 1770 512 1805 retinuit,
536 1769 602 1798 inde
627 1779 644 1797 a
663 1769 832 1797 Camerario
855 1769 956 1797 fabula
979 1769 1051 1797 setis
1075 1771 1154 1797 recte
1177 1768 1255 1796 ordi-

136 1823 206 1849 nata
227 1821 305 1849 lecta
328 1824 382 1849 est.
438 1820 495 1849 Sed
523 1822 570 1849 vir
599 1821 803 1855 doctissimus,
832 1823 866 1848 ut
890 1819 936 1856 fit,
967 1830 1057 1857 quum
1079 1823 1140 1848 tam
1163 1820 1256 1848 multa

136 1871 358 1909 transponenda
380 1881 443 1900 esse
466 1871 599 1908 vidisset,
623 1881 741 1901 causam
765 1875 864 1900 autem
886 1871 1042 1900 turbarum
1065 1881 1123 1899 non
1146 1871 1257 1899 intelli-

135 1926 227 1961 geret,
251 1924 340 1952 etiam
364 1923 521 1958 nonnulla,
545 1933 611 1961 quae
635 1925 717 1960 tangi
740 1933 798 1951 non
822 1923 998 1959 debuerant,
1020 1923 1116 1952 locum
1140 1925 1255 1951 mutare

136 1975 222 2003 iussit
245 1978 274 2003 et
296 1985 355 2004 vss.
380 1976 547 2004 887—918
570 1976 727 2012 (integram
751 1972 881 2012 scenam)
910 1979 979 2013 post
1007 1985 1033 2003 v.
1059 1975 1117 2004 841
1143 1975 1256 2012 posuit.

136 2027 198 2056 Hoc
227 2027 303 2055 male
331 2027 441 2056 factum
471 2037 534 2056 esse
557 2027 735 2056 Ritschelius
764 2027 893 2055 ostendit
922 2027 1041 2064 Parerg.
1066 2037 1094 2064 p.
1120 2027 1180 2055 436
1209 2036 1253 2064 sq.

136 2078 173 2107 de
205 2078 327 2108 turbato
361 2088 514 2107 scenarum
545 2078 649 2107 ordine
673 2078 876 2107 Mostellariae
906 2078 1055 2107 subtiliter
1089 2078 1253 2115 disputans,

135 2139 296 2167 verumque
308 2139 462 2159 scenarum
482 2129 616 2159 ordinem
637 2131 696 2159 iam
714 2130 884 2158 coniectura
903 2130 1055 2158 inventum
1067 2129 1255 2158 Ambrosiani
