1596 2478
310 234 349 263 7ss
823 229 912 255 Plauti
1230 230 1262 262 V,
1282 232 1305 262 4,
1328 231 1426 257 14-22

777 324 956 364 Olympio

310 379 370 417 Qui
395 380 492 410 etiam
518 390 566 409 nie
592 379 743 410 miserum
768 377 925 409 famosum
951 378 1026 410 fecit
1050 378 1182 419 flagitiis
1206 379 1279 410 suis.

748 463 987 504 Lysidamus

312 517 383 549 Non
407 518 521 549 taces?

722 589 725 592 '
778 585 960 626 Olympio

555 639 626 670 Non
650 638 756 671 hercle
779 650 859 671 uero
883 643 995 678 taceo3
1019 650 1091 671 nam
1116 644 1151 671 tu
1175 650 1326 672 maxumo

310 694 361 725 Me
386 694 601 725 obsecrauisti
626 703 730 733 opere,
760 693 909 725 Casinam
939 698 974 725 ut
1002 704 1168 734 poscerem
1194 705 1323 726 uxorem
1347 695 1425 727 mihi

309 748 368 779 Tui
393 748 512 779 amoris
535 758 640 779 causa.

746 818 990 859 Lysidamus

686 872 754 913 Ego
778 873 863 904 istuc
886 873 969 905 feci?

751 957 987 990 Cleostrata

991 1012 1091 1043 Immo
1115 1015 1244 1044 ecastor
1268 1013 1357 1053 prius
1375 1022 1426 1047 915

309 1067 354 1099 Te
377 1067 507 1108 quidem
531 1066 687 1107 oppressi.

748 1141 980 1183 Lysidamus

728 1196 789 1228 Sed
813 1196 873 1228 feci
897 1206 957 1236 ego
980 1197 1084 1228 istaec
1106 1207 1189 1237 quae
1213 1207 1271 1229 uos
1295 1197 1425 1229 dicitis?

752 1273 988 1306 Cleostrata

310 1329 445 1369 Rogitas
469 1330 591 1360 etiam?

749 1399 773 1430 L
779 1410 799 1440 y
807 1399 838 1430 si
846 1399 866 1430 d
874 1409 892 1430 a
900 1410 930 1430 m
939 1410 958 1430 u
966 1410 980 1431 s

640 1455 670 1485 δι
695 1453 827 1494 quidem
849 1453 958 1484 hercle
982 1452 1051 1491 feci,
1076 1453 1135 1485 feci
1159 1454 1317 1494 nequiter.

748 1537 981 1570 Cleostrata

313 1593 390 1625 Redi
417 1593 513 1624 modo
537 1592 599 1623 huc
622 1592 723 1631 intro;
746 1591 893 1631 monebo,
917 1593 942 1624 si
967 1593 1022 1633 qui
1046 1593 1219 1624 meministi
1244 1593 1357 1624 minus.

746 1677 980 1718 Lysidamus

310 1732 425 1764 Hercle
449 1733 565 1772 opinor
588 1732 697 1772 potius
720 1731 814 1763 uobis
837 1731 968 1763 credam
991 1731 1077 1772 quod
1101 1742 1160 1763 uos
1184 1731 1300 1763 dicitis.

309 1786 370 1817 Sed
390 1797 479 1819 uxor.
505 1786 546 1817 da
566 1787 636 1817 uiro
654 1785 738 1816 hanc
756 1786 893 1816 ueniam.
929 1785 1103 1826 Myrrhina,
1124 1796 1180 1817 ora
1193 1785 1421 1817 Cleostratam.

309 1840 340 1871 Si
376 1850 528 1880 umquam
570 1839 706 1880 posthac
745 1843 803 1871 aut
841 1849 970 1871 amasso
1004 1839 1157 1871 Casinam
1196 1844 1253 1871 aut
1286 1850 1423 1881 occepso

1019 1894 1123 1927 modo.
1373 1902 1420 1928 921

393 2010 442 2035 912
463 2011 491 2035 m
509 2010 606 2036 lacuna
626 2009 700 2036 ΒΙΕ
767 2011 817 2035 913
836 2018 961 2035 maxume
1024 2012 1073 2035 914
1093 2010 1312 2036 ob...casinnm
1373 2011 1423 2036 915

309 2053 390 2069 causa
410 2053 461 2074 ego
481 2043 556 2070 BIE
623 2045 706 2070 immo
726 2044 838 2070 hectore
857 2043 932 2070 BIE
1004 2045 1064 2070 ilius
1085 2044 1117 2073 A.
1139 2044 1212 2070 illius
1233 2043 1304 2070 ΒΙΕ
1372 2045 1422 2070 916

309 2092 453 2119 oppres-*vt
475 2087 523 2112 feci
544 2088 576 2119 A,
597 2087 782 2120 oppressisset
801 2087 852 2112 feci
871 2086 948 2113 ΒΙΕ
1025 2087 1079 2112 ista
1098 2087 1157 2112 brec
1178 2088 1251 2113 [licta
1270 2095 1331 2120 quae
1351 2086 1425 2113 BIE

309 2129 358 2152 915⁴
377 2128 512 2160 siquidem
534 2130 605 2155 BIE
689 2139 731 2155 me
750 2129 871 2155 minuisti
891 2130 909 2156 Ι
996 2130 1047 2155 920
1065 2129 1100 2155 da
1118 2138 1168 2156 οηι.
1188 2129 1212 2155 Α
1302 2137 1368 2155 uero
1387 2129 1421 2161 Β,

310 2171 370 2196 uiro
389 2170 418 2196 E
486 2172 530 2196 921
553 2173 668 2204 posthac
688 2176 719 2198 ut
736 2181 843 2198 amasso
862 2171 892 2197 E
