1596 2478
605 154 636 179 v.
658 155 797 180 190-215.
1205 158 1263 187 401

143 250 190 278 ed.
214 260 259 288 pr.
293 264 334 269 —
370 251 440 278 203.
476 257 529 287 090
552 248 611 279 emi
639 250 686 279 ed.
710 260 755 289 pr.
800 251 911 280 Versus
939 260 1050 280 caesura
1078 254 1175 286 σαι-εἰη
1210 251 1266 286 Fl.,

143 301 274 330 Ritsch.:
301 309 374 337 „ego
396 301 490 329 istane
514 301 601 330 emi“.
647 301 678 330 Si
702 301 792 331 verba
815 312 886 330 sana
908 305 987 338 sunt,
1013 309 1095 331 anno
1119 302 1269 339 significat

146 355 233 387 „ante
258 350 397 387 annum“,
422 356 453 380 ut
478 353 586 390 Amph.
611 354 661 387 90,
692 353 743 381 ubi
766 354 796 381 in
820 354 1031 382 commentario
1054 363 1158 392 parum
1182 356 1268 382 caute

143 404 248 440 negavi
277 403 333 431 hoc
358 403 462 431 Latine
487 403 552 438 dici,
578 414 643 432 nam
669 403 762 432 Lucil.
787 403 925 439 XXVIII,
951 405 1005 433 23:
1042 404 1168 440 „Utrum
1191 413 1269 433 anno

143 464 180 482 an
204 454 297 482 horno
320 457 381 482 tete
405 454 562 482 abstuleris
586 465 603 482 a
625 455 722 483 uiro“.
748 470 784 474 —
813 456 885 484 204.
910 454 948 484 ut
967 453 1048 484 ratio
1071 453 1219 492 redditur,
1244 457 1268 484 si

144 506 263 543 quidem
283 515 340 534 non
359 506 444 534 uxori
462 506 514 534 sed
534 507 683 534 meretrici
701 515 837 544 expensae
856 509 933 535 sunt.
952 521 992 526 ——
1013 508 1083 536 205.
1108 504 1177 536 uolo
1194 506 1222 536 te
1234 508 1268 537 A.

144 573 185 577 —
214 553 277 586 Ubi
298 554 363 585 scio
386 557 500 594 scripsi,
524 557 559 585 cf.
588 558 645 585 152
671 560 701 585 et
725 557 762 585 ad
787 558 893 595 Amph.
921 558 990 586 714.
1042 558 1194 587 Acidalius
1220 558 1270 594 „Si

144 610 222 638 scio¹⁴
250 609 425 645 scripserat3
460 608 576 645 longius
606 611 792 636 recesserunt
815 609 864 637 R.:
905 608 1066 644 „Hauscio,
1097 607 1173 645 set“‚
1203 610 1271 639 En:

148 660 260 696 „Ced0‚
290 656 431 688 curab0“.
486 658 589 693 ,.Scio“
622 659 783 688 defendunt
805 659 875 688 Lor.
900 659 1004 696 Wagn.
1030 659 1178 689 Sonnenb.
1204 661 1270 690 coll.

146 711 216 739 665.
234 726 276 730 —
301 711 462 739 207-—112
491 707 660 745 „aciutum“
682 710 824 739 Ribbeck.
844 710 920 739 Mus.
940 711 995 739 Rh.
1009 711 1148 740 XXXVII
1165 722 1195 750 p.
1211 713 1270 741 535

144 763 277 799 pnrasito
300 761 416 790 tribuit.
435 776 476 780 ——
493 759 748 790 scitamentorwn
771 762 804 795 A,
829 764 862 790 ut
885 762 1021 791 voluerat
1043 762 1208 799 Turnebus,
1235 764 1270 793 cf.

146 813 234 851 Apul.
247 812 320 841 Met.
333 812 370 847 X,
388 814 441 841 13:
468 813 660 848 „scitamenta
684 811 827 842 mellita“.
873 813 1004 842 Mam-ob.
1020 813 1081 843 Sat.
1094 814 1158 849 VII,
1175 816 1222 851 14,
1239 816 1270 844 l:

149 864 246 902 „apud
275 865 472 902 popinatores
499 864 642 902 pleraque
672 865 917 893 scitamentorum
948 865 1095 894 cernimus
1118 868 1273 904 proposita

147 916 292 953 ampliora
321 917 419 952 specie
447 925 536 952 quam
567 914 721 953 corpore“.
778 915 862 944 Talia
896 917 1022 944 maxime
1053 917 1147 945 suillae
1177 918 1272 946 carnis

146 970 246 1002 erant,
281 977 308 995 v.
333 966 371 994 ad
395 966 480 995 Cure.
507 967 577 995 323.
639 963 888 996 Glandionidam
918 970 949 995 et
972 965 1180 1004 pernonidem
1212 965 1274 1004 (vel

141 1015 359 1055 pernonidmm
384 1027 450 1046 nam
474 1017 607 1046 variandi
631 1027 718 1046 causa
742 1018 823 1046 nulla
846 1016 904 1051 est)
932 1019 1139 1055 patronymica
1162 1020 1274 1048 comica

147 1080 163 1098 a
186 1069 307 1107 glaudio
339 1071 368 1096 et
400 1079 417 1096 a
447 1078 540 1106 perna
571 1069 675 1104 ducta3
710 1068 755 1097 his
789 1068 983 1097 substantivis
1016 1069 1164 1098 adiectiva
1196 1080 1225 1108 q.
1249 1081 1270 1099 s.

147 1120 252 1149 suillus
271 1123 301 1148 et
317 1120 429 1148 laridus
443 1119 513 1148 addi
524 1120 652 1158 putabat
665 1119 814 1156 Schwabe,
829 1120 905 1148 Ann.
920 1120 993 1157 phil.
1007 1119 1065 1149 CV.
1078 1131 1108 1158 p.
1124 1121 1184 1149 408
1198 1131 1273 1160 sqq.,

149 1172 200 1200 sed
227 1168 391 1206 „laridum“
424 1171 602 1199 adiectivum
632 1180 709 1206 esse,
745 1181 804 1199 nou
834 1172 905 1199 satis
934 1171 1082 1208 probavit.
1138 1172 1214 1200 Mihi
1246 1176 1276 1202 et

149 1219 244 1252 suilla
267 1225 296 1251 et
320 1219 457 1251 laridum
478 1232 534 1259 pro
558 1222 752 1251 substantivis
779 1225 856 1254 sunt,
881 1222 989 1260 quibus
1008 1222 1158 1251 addantur
1175 1226 1276 1261 patro-

150 1274 275 1310 nymica.
321 1273 405 1308 Quod
424 1274 454 1301 in
467 1273 491 1301 A
510 1273 618 1302 lectum
636 1276 681 1301 est
703 1271 803 1310 „aut“‚
822 1273 1004 1302 Ritschelius
1023 1276 1091 1302 ante
1107 1273 1272 1309 „laridum“

150 1326 265 1364 posuit,
288 1325 387 1362 potius
412 1325 607 1352 omittendum
630 1327 665 1352 ut
687 1325 718 1352 in
741 1327 809 1353 cett.
835 1324 919 1352 codd.
944 1339 984 1344 ·—
1009 1325 1080 1353 209.
1112 1322 1276 1362 sincipita-

150 1375 253 1405 menta.
276 1376 399 1404 Plautus
422 1375 523 1411 finxit3
547 1376 686 1413 sincipita
710 1377 826 1405 verr-ina
851 1378 922 1404 sunt
945 1376 1023 1414 apud
1042 1376 1170 1404 Plinium
1190 1376 1226 1405 Η.
1240 1376 1276 1405 N.

152 1428 228 1463 VIII,
251 1428 321 1456 209.
341 1442 383 1446 -
407 1424 539 1464 aliquid,
564 1427 644 1455 aliud
668 1427 750 1464 quid,
774 1437 801 1455 v.
825 1427 923 1455 Prehn
948 1427 984 1455 de
1006 1436 1093 1465 pron.
1112 1427 1277 1456 indefinitis

152 1490 179 1518 p.
196 1480 245 1507 26.
269 1493 310 1498 —-
334 1479 405 1506 210.
430 1475 575 1514 Madisla,
601 1480 694 1513 cocta,
719 1477 754 1506 cf.
777 1479 852 1507 321:
879 1477 1089 1514 ‚,madebunt¹‘.
1125 1478 1206 1507 Pers.
1221 1479 1276 1508 932

155 1530 308 1567 „Collyrae
331 1529 419 1558 facite
442 1532 477 1558 ut
500 1529 637 1558 madeant
656 1532 685 1557 et
703 1529 855 1567 colyphia,
879 1529 923 1558 Ne
942 1529 1014 1558 mihi
1032 1530 1149 1558 incocta
1169 1529 1277 1559 detis“.

153 1582 239 1620 Verg.
264 1581 372 1618 Georg.
397 1580 419 1615 I,
447 1582 516 1609 196.
545 1595 586 1600 —-
616 1587 724 1609 mensa
747 1591 801 1609 em.
826 1581 930 1609 Lamb.
954 1595 995 1599 —
1024 1577 1207 1616 miluinam,
1238 1591 1278 1610 so.

153 1634 274 1668 famem;
299 1632 409 1660 miluus
428 1633 504 1660 enim
523 1633 585 1660 avis
598 1632 789 1670 rapacissima
801 1635 855 1667 est,
869 1632 904 1661 cf.
918 1632 1025 1661 Pseud.
1040 1633 1110 1661 856.
1134 1632 1278 1669 Bernays.

153 1685 230 1713 Mus.
245 1683 403 1713 Rheu.VII
421 1693 449 1720 p.
465 1684 525 1712 612
547 1685 638 1712 coni.:
669 1683 809 1719 „Madida
833 1693 908 1721 quse
933 1684 1101 1721 anteposita
1123 1685 1156 1712 in
1178 1693 1281 1712 mensa

154 1736 225 1764 mihi
247 1735 388 1764 bulimam
413 1734 606 1772 suggeraut“,
631 1745 667 1763 ex
691 1735 771 1763 Festi
789 1734 843 1774 Ep.
864 1745 893 1773 p.
914 1735 968 1763 32:
996 1734 1161 1770 „Bulimam
1185 1734 1280 1763 Graeci

155 1796 290 1824 magnam
314 1787 420 1814 famem
444 1784 578 1814 dieunt“.
630 1785 688 1814 Sed
711 1796 765 1815 nec
789 1796 804 1814 e
827 1786 934 1814 Plauto
957 1786 1014 1814 hoc
1037 1785 1161 1814 affertur
1184 1788 1224 1821 et,
1247 1788 1282 1814 ut

155 1838 287 1876 Scaliger
317 1838 543 1873 animadvertit,
581 1836 761 1873 „bulimum'‘
794 1837 980 1866 scribendum
1009 1839 1074 1865 erat
1106 1837 1154 1866 vel
1187 1837 1281 1872 „buli-

156 1887 274 1918 miam“.
300 1904 342 1908 —
373 1890 442 1917 212.
478 1887 624 1926 coquetur
646 1889 742 1924 Both„
766 1889 811 1923 R„
835 1889 901 1924 Br.;
925 1888 1005 1917 Cam.
1034 1897 1104 1923 „uos
1127 1887 1193 1916 hic“
1219 1888 1280 1916 edi-

156 1941 250 1969 derat.
281 1954 320 1958 -—
354 1940 424 1969 214.
453 1947 501 1968 me
529 1939 597 1968 add.
621 1940 797 1972 Lambinus,
827 1941 861 1968 cf.
887 1939 1023 1968 Mueller.
1048 1939 1131 1968 Pros.
1153 1949 1183 1977 p.
1210 1940 1281 1968 635.

158 2007 195 2010 —
230 1988 373 2027 seruabo,
408 1991 588 2026 observabo,
622 2001 649 2019 v.
680 1991 716 2019 ad
740 1991 820 2019 Asin.
852 1991 922 2019 798.
956 2005 997 2010 —
1025 1990 1084 2019 Cur
1117 2000 1282 2027 pronomen

157 2046 227 2071 ante
252 2040 396 2080 „sequar“
423 2045 588 2080 repetatur,
612 2042 694 2071 nulla
717 2052 806 2071 causa
829 2045 889 2077 θεῖν,
924 2042 1100 2071 coniecerim
1123 2039 1282 2079 insequar.

157 2109 197 2113 —
228 2095 298 2123 215.
332 2092 380 2125 ut.
411 2105 438 2122 v.
463 2093 499 2122 ad
524 2093 615 2122 Stich.
643 2095 691 2122 30.
722 2108 762 2112 —
793 2094 864 2121 216.
898 2090 999 2128 intus,
1029 2103 1065 2121 ex
1089 2092 1218 2129 aedibus,
1247 2093 1283 2121 cf.

1045 2149 1079 2175 26

1583 1307 1592 1322 .—
1585 1287 1596 1298 ι,
1583 1269 1586 1275 ’
1582 1251 1588 1261 *-
1582 1153 1592 1242 J-’zttvff-
1580 1010 1593 1146 zzz—⁴0...-
1576 744 1593 997 YQWQ-
