1596 2478
158 227 206 259 111,
217 228 241 260 3,
252 228 359 254 22—28.
380 227 426 259 lv,
437 227 461 259 2,
471 227 574 253 24—28
640 226 820 252 Mostellaria.
1219 227 1278 256 133

639 319 790 351 Tranio

156 375 262 414 Quid?
291 374 351 406 tibi
382 384 536 414 umquam
566 374 762 414 quidquam,
791 380 963 414 postquam
988 377 1064 403 tuus
1088 383 1174 410 sum,
1206 383 1278 403 uer-

873 427 989 458 borum
1013 426 1110 458 dedit>

565 481 876 521 Theopropides

156 537 223 577 Ego
237 537 321 568 enim
335 536 417 573 caui,
431 546 491 566 nec
503 540 539 566 tu
552 545 621 566 eam
637 534 774 565 habebis
788 535 944 573 gratiarnm
962 538 1061 574 atque
1080 534 1187 565 animo
1207 544 1278 565 meo

155 590 213 622 Sat
236 590 337 630 sapio,
364 590 391 621 si
416 589 474 621 abs
498 592 531 620 te
556 588 652 620 modo
676 598 740 619 uno
764 598 874 619 cauco.

639 647 791 679 Tranio

914 690 1035 721 Tecum
1059 690 1175 721 sentio.
1228 697 1279 723 910

563 744 871 785 Theopropides

154 801 247 832 Nunc
270 800 325 831 abi
348 810 419 838 rus3
443 799 496 830 dic
519 810 569 830 me
593 798 767 830 aduenisse
791 797 868 829 filio.

638 857 788 889 Tranio

914 900 1045 931 Faciam
1069 903 1106 931 ut
1128 899 1232 931 iubes.

562 954 870 995 Theopropides

154 1009 326 1042 Curriculo
350 1009 425 1041 iube
448 1010 481 1040 in
504 1009 619 1040 urbem
643 1008 755 1039 ueniat
779 1008 843 1039 iam
869 1008 964 1039 simul
988 1011 1105 1039 tecum.

644 1068 673 1099 Τ
676 1078 692 1098 r
699 1077 717 1098 a
724 1079 745 1099 η
753 1068 763 1098 ι’
770 1078 786 1098 o

1154 1109 1255 1140 Licet.

153 1167 247 1198 Nunc
271 1176 329 1206 ego
354 1177 404 1197 me
428 1165 504 1196 illac
528 1176 586 1206 per
611 1165 770 1206 posticum
795 1164 836 1196 ad
861 1174 1081 1204 congerrones
1099 1163 1278 1201 conferam;

154 1221 279 1259 Dicam,
298 1224 334 1252 ut
352 1220 404 1252 hic
422 1231 475 1251 res
496 1220 561 1252 sint
580 1219 711 1260 quietae
729 1222 828 1260 atque
848 1222 884 1250 ut
902 1218 987 1249 hunc
1000 1218 1076 1249 hinc
1088 1217 1276 1249 amouerim.

603 1278 830 1310 Phaniscus

155 1334 216 1366 Hic
245 1334 377 1375 quidem
406 1344 511 1374 neque
541 1333 754 1364 conuiuarum
788 1332 929 1370 sonitus,
964 1333 1042 1363 item
1071 1335 1107 1363 ut
1141 1331 1280 1363 antehac

872 1386 945 1425 fuit,
1230 1393 1280 1419 915

154 1442 268 1483 Neque
292 1442 461 1473 tibicinam
485 1444 673 1472 cantantem
698 1451 804 1481 neque
828 1440 927 1471 alium
951 1450 1147 1480 quemquam
1171 1439 1278 1470 audio.

564 1499 869 1541 Theopropides

155 1556 245 1595 Quae
277 1556 374 1587 illaec
403 1566 456 1587 res
486 1556 558 1587 est?
594 1555 672 1595 quid
703 1554 808 1586 illisce
832 1555 981 1586 homiues
1006 1557 1170 1595 quaerunt
1193 1553 1280 1594 apud

873 1608 963 1639 aedis
988 1608 1099 1639 meas?

155 1663 240 1702 Quid
262 1663 401 1696 uolunt?
425 1663 504 1705 quid
526 1663 613 1694 intro
637 1664 811 1704 spectant?

580 1717 694 1748 Alter
716 1727 854 1748 seruos

835 1771 970 1811 Pergam
997 1770 1126 1811 pultare
1149 1770 1280 1801 ostium.

155 1826 254 1864 Heus,
279 1825 426 1865 reclude;
450 1825 540 1864 heus,
563 1825 695 1863 Tranio,
720 1825 861 1856 etiamne
885 1825 1017 1865 aperis?

223 1928 274 1954 908
293 1927 362 1961 Quia
478 1928 528 1954 909
547 1928 608 1954 caui
627 1929 704 1953 recte
801 1927 870 1952 Eam
890 1927 969 1953 debis
989 1925 1023 1958 B,
1043 1926 1104 1952 caui
1124 1928 1201 1952 recte
1221 1934 1281 1951 eam

155 1970 233 1996 dehis
254 1970 275 1996 C
364 1972 413 1997 911
433 1970 496 1996 Nou
518 1969 543 1996 B
635 1970 678 1995 abi
699 1970 707 1995 i
727 1979 773 1995 rus
793 1969 829 2000 Β,
851 1970 914 1995 habi
935 1969 942 1994 i
962 1978 1009 1994 rus
1029 1968 1051 1995 C
1135 1968 1213 1993 uoles
1232 1967 1284 1994 BC

155 2014 271 2039 912.ibi
289 2013 323 2046 Β,
344 2014 390 2039 ubi
410 2013 473 2039 iube
494 2013 516 2039 O
578 2012 632 2039 ΤΒ..
653 2021 702 2039 om.
774 2014 824 2038 913
844 2012 898 2037 TR.
915 2020 1002 2045 praep.
1074 2011 1121 2036 illa
1139 2011 1189 2036 BC
1251 2015 1279 2037 at

155 2057 204 2082 914
224 2056 288 2082 hinc
307 2056 333 2081 A
401 2056 542 2089 quaesitae
561 2055 587 2081 A
660 2057 711 2081 915
729 2063 829 2081 novum
847 2063 955 2081 scenam
973 2055 1122 2081 ordiuntur
1139 2053 1196 2080 BC.
1217 2055 1278 2080 AD-

156 2098 346 2124 UERSITOR.
388 2098 602 2124 THANISCUS.
646 2097 908 2125 THEUROPIDES
929 2097 1050 2123 SENEX
1069 2097 1095 2122 B
1182 2097 1279 2123 itidem

155 2141 205 2166 917
224 2141 280 2166 illic
300 2141 425 2166 homines
443 2141 478 2166 B.
497 2141 551 2166 illis
571 2141 709 2166 chominis
730 2141 751 2165 (3
852 2149 925 2166 mom
946 2140 968 2165 0
1069 2141 1120 2165 918
1138 2140 1239 2173 pultari
1263 2140 1285 2166 C

155 2184 206 2210 919
221 2183 303 2209 etiam
322 2183 372 2209 BC
