1596 2478
156 802 373 860 Argumentum
393 821 498 849 fabulae
516 820 602 849 huius
621 821 698 849 modi
717 825 769 849 est.
810 821 945 848 Casinam
964 821 1090 858 puellam
1109 822 1273 858 expositam

156 878 185 902 et
209 876 285 902 inter
308 873 428 902 ancillas
451 874 554 901 domus
578 874 681 900 alienae
705 874 872 906 educatam,
902 877 1056 909 postquam
1087 874 1123 900 ad
1148 872 1277 900 nubendi

155 928 271 954 aetatem
296 926 442 963 pervenit,
468 928 527 952 tam
552 924 638 951 herus
661 934 758 958 senex,
782 923 971 960 Lysidamus,
997 934 1084 961 quam
1108 925 1277 952 adolescens

156 976 233 1004 filius
267 980 358 1010 amat,
395 978 425 1003 et
452 986 509 1013 quo
541 976 655 1003 facilius
685 976 746 1003 eius
776 976 942 1012 potiantur,
977 985 1064 1003 senex
1095 975 1182 1003 vilico
1213 985 1275 1010 suo,

156 1027 337 1065 Olympioni,
375 1027 544 1055 adolescens
579 1028 738 1064 armigero,
779 1026 915 1061 Chalino,
957 1030 1080 1064 nuptum
1116 1026 1180 1054 dari
1214 1037 1276 1054 eam

156 1081 292 1116 cupiunt;
322 1088 396 1106 uxor
419 1079 504 1114 seme,
528 1078 702 1113 Cleostrata,
727 1083 759 1106 ut
784 1079 867 1106 facile
891 1078 1083 1115 intelligitur.
1113 1078 1174 1106 filio
1198 1079 1278 1106 favet

156 1135 218 1159 tum
248 1130 370 1159 absenti.
429 1130 588 1167 Postquam
619 1133 648 1157 et
677 1140 764 1157 senex
793 1129 917 1158 Chalino
947 1133 977 1158 et
1005 1140 1079 1158 uxor
1109 1130 1277 1167 Olympioni

156 1184 268 1210 frustra
291 1182 468 1219 persuadere
491 1182 587 1210 conati
611 1185 689 1215 sunt,
715 1185 747 1209 ut
772 1193 787 1209 a
811 1182 938 1218 petenda
961 1180 1067 1209 Casina
1091 1181 1278 1216 absisterent,

157 1244 202 1262 res
225 1235 299 1262 sorti
323 1233 515 1271 permittitur,
543 1236 574 1260 ut
596 1234 632 1267 ei,
658 1234 702 1260 cui
727 1236 807 1261 sorte
831 1233 994 1269 obtigisset,
1021 1233 1121 1270 puella
1144 1233 1276 1261 nuberet.

157 1286 340 1323 Olympionis
369 1294 433 1312 sors
462 1285 530 1312 exit.
587 1283 682 1312 Senex
711 1285 820 1320 gaudio
849 1284 998 1312 exsultans
1029 1285 1148 1321 nupt-ias
1178 1286 1277 1322 parari

157 1337 247 1372 iubet,
271 1341 300 1365 et
324 1336 360 1364 ab
378 1337 470 1364 amico
488 1336 584 1363 vicino
605 1337 754 1373 impetrat,
780 1340 812 1364 ut
831 1336 887 1364 sibi
907 1336 982 1364 aedes
1001 1345 1107 1363 vacuas
1126 1336 1277 1370 concedat,

157 1398 214 1426 quo
237 1389 335 1426 puella
365 1387 469 1415 deduci
500 1388 609 1424 possit.
642 1388 709 1416 dum
734 1398 807 1416 uxor
831 1398 892 1415 eam
917 1397 980 1415 cum
1005 1388 1091 1414 vilico
1115 1397 1165 1415 rus
1187 1386 1278 1424 profi-

158 1441 226 1468 cisci
251 1440 360 1468 credat.
408 1438 466 1469 Sed
491 1441 631 1469 Chalinus
654 1449 716 1467 rem
739 1440 883 1477 comperit
908 1442 937 1466 et
959 1440 1044 1466 uxori
1068 1439 1194 1473 nuntiat,
1220 1449 1279 1475 quo

158 1492 200 1525 fit,
224 1495 256 1519 ut
278 1495 365 1529 turpe
389 1494 466 1520 senis
490 1492 644 1520 consilium
668 1501 789 1528 prorsus
812 1491 981 1518 frustretur.
1035 1490 1163 1517 Primum
1188 1499 1277 1518 morae

157 1543 328 1578 afferuntur,
348 1554 383 1571 ne
403 1544 480 1572 aedes
497 1544 586 1571 vicini
605 1552 703 1571 vacuae
721 1544 808 1578 fiantg
833 1542 938 1570 deinde
956 1542 1010 1570 hoc
1028 1541 1145 1569 tandem
1165 1541 1278 1576 effecto,

158 1596 263 1623 ancilla
293 1594 468 1622 Cleostratae
496 1594 654 1631 Lysidamo
683 1595 800 1622 nuntiat
829 1594 965 1622 Casinam
993 1594 1090 1621 furere
1119 1593 1279 1630 gladioque

159 1647 288 1675 minitari
312 1656 343 1674 se
366 1656 440 1680 eum,
466 1647 583 1683 quicum
608 1646 662 1674 hoc
684 1648 770 1674 nocte
794 1645 924 1679 cubaret,
949 1647 1136 1680 necaturam,
1159 1644 1279 1672 tandem

158 1699 243 1736 coqui
271 1707 371 1725 cenam
399 1700 539 1734 parantes
569 1697 635 1725 ollis
664 1699 802 1732 inversis,
837 1697 899 1733 igni
928 1697 1072 1723 restincto
1101 1695 1159 1723 alia
1182 1697 1280 1724 omnia

158 1752 260 1786 agunt,
285 1749 377 1778 donec
394 1758 482 1777 senex
501 1758 589 1776 morae
614 1749 772 1786 impatiens
794 1748 947 1776 incenatus
970 1757 1109 1784 sponsam
1134 1747 1280 1775 deducere

158 1801 250 1828 iubet.
297 1800 357 1828 Iam
373 1800 526 1828 Chalinum
547 1809 660 1837 sponsae
677 1803 784 1827 ornatu
802 1800 940 1827 vestitum
960 1798 1128 1836 Olympioni
1147 1798 1278 1832 tradunt,

158 1853 238 1889 isque
262 1862 326 1880 eum
351 1861 405 1889 pro
429 1861 537 1889 sponsa
560 1852 590 1879 in
613 1852 702 1879 vicini
726 1851 802 1879 aedes
826 1850 1003 1884 introducit,
1039 1850 1090 1878 ubi
1119 1853 1148 1878 et
1177 1851 1280 1878 vilicus

159 1906 188 1931 et
217 1903 303 1931 herus
333 1903 369 1930 ab
398 1912 432 1930 eo
459 1906 598 1940 proterve
628 1902 819 1930 ludificantur
848 1905 876 1929 et
899 1901 995 1938 plagis
1019 1901 1094 1929 male
1117 1901 1279 1936 habentur;

158 1958 307 1992 postremo
340 1965 405 1982 cum
438 1964 551 1982 summo
585 1964 637 1982 suo
672 1953 786 1991 pudore
817 1954 1004 1989 maximoque
1033 1952 1187 1980 mulierum
1218 1954 1279 1981 risu

159 2009 276 2034 exeunt.

245 2058 359 2086 Primus
388 2057 493 2085 fabulae
517 2060 618 2085 auctor
642 2056 780 2093 Diphilus
809 2056 862 2083 fuit
888 2056 1067 2093 Sinopensis,
1097 2055 1205 2083 nobilis
1229 2065 1276 2083 eo-

160 2110 280 2137 moediae
315 2110 487 2137 recentioris
521 2110 663 2146 scriptor,
699 2119 724 2136 v.
758 2107 885 2135 Meinek.
916 2107 995 2134 Com.
1027 2106 1077 2134 Gr.
1107 2107 1119 2134 Ι
1148 2116 1176 2143 p.
1207 2107 1277 2134 446.
