1596 2478
543 178 573 203 V.
595 178 760 204 1031—1061
1153 176 1209 204 371

96 279 186 308 Stich.
201 278 272 307 446.
291 292 331 296 -—
358 276 447 304 1044.
472 273 550 312 quid
571 275 615 303 ed.
631 285 673 313 pr,
694 290 733 294 —
752 279 927 311 proxumae
948 269 1086 301 uiciniae
1108 272 1213 309 Bugg.,

96 340 122 359 v.
148 329 184 358 ad
209 328 284 357 Rud.
309 328 380 356 602.
425 327 459 355 R.
487 337 648 365 „proxume
673 324 819 355 uiciniae⁸⁴
846 324 891 353 ed.

185 381 273 409 1046.
298 379 423 407 Nomina
447 387 528 406 novae
553 388 646 406 scenae
670 379 698 406 iu
723 378 747 406 A
770 377 973 414 suprascripta
996 379 1073 405 sunt.
1119 375 1215 404 Theo-

96 432 236 472 propides
267 442 302 459 ex
331 430 458 458 Simonis
488 429 600 457 aedibus
631 428 787 463 egrediens
818 429 909 456 servis
939 429 1001 456 eius
1033 429 1113 456 intra
1141 427 1218 455 aedes

98 485 233 522 imperat,
258 485 292 510 ut
310 482 406 520 parati
425 481 484 509 sint
503 481 537 508 ad
558 479 781 513 exem-rendum,
803 490 892 516 quum
912 480 1039 516 primum
1059 481 1217 514 vocaverit,

98 539 127 564 et
149 538 182 563 ut
205 535 333 562 manicas
362 533 398 561 ad
428 532 614 561 vinciendum
638 531 816 559 Tranionem
846 533 959 568 parent.
1006 530 1218 560 ISTASTATE

99 588 128 616 in
151 587 178 615 A
201 586 272 623 legit
295 585 388 623 Gepp.
412 583 496 612 stud.
521 583 548 612 11
571 595 599 621 p.
626 584 673 619 76,
699 584 717 610 i.
742 593 765 610 e.
792 592 857 616 non,
888 585 920 610 ut
945 582 977 610 R.
1003 582 1110 611 edidit:
1145 583 1220 619 „ista

99 637 205 672 state“‚
230 637 311 665 cuius
336 636 448 664 nullum
472 635 567 664 simile
591 634 755 671 exemplum
780 634 912 668 invenio,
944 634 995 662 sed
1023 631 1080 662 isti
1111 633 1219 663 astate.

99 705 141 710 —
163 684 313 726 extemplo
343 692 373 715 et
402 697 470 715 mox
498 684 639 715 manicas
668 686 736 713 olim
762 685 928 713 emendata.
953 700 993 703 —
1020 686 1110 713 1048.
1128 693 1220 723 prae-

99 737 232 770 stolabor
255 741 289 775 A,
314 743 347 768 ut
370 740 426 766 iam
453 738 531 766 Pius.
556 752 598 756 —-
625 738 713 765 1049.
739 736 867 765 CUIIUS
891 737 915 764 A
936 740 1004 764 test.
1026 736 1121 775 Gepp.
1136 737 1220 766 Stud.

101 793 129 821 II
152 803 181 831 p.
206 792 255 820 77.
302 789 424 819 HODIE
447 790 534 822 idem,
560 800 586 818 v.
611 788 705 826 Gepp.
731 798 759 825 p.
785 789 832 823 76,
865 798 898 816 ac
921 789 961 816 sic
985 787 1018 816 R.
1044 798 1098 826 pro
1125 788 1221 824 „hic“.

102 844 142 873 Ut
165 843 214 871 ille
237 853 292 878 me,
317 842 420 879 inquit,
444 841 573 869 ludibrio
597 841 708 875 habuit,
734 841 777 867 ita
801 848 856 875 ego
878 842 994 876 tergum
1015 841 1078 867 eius
1098 839 1222 869 habebo.

101 893 132 924 Si
149 892 232 930 uiuo,
255 894 290 922 cf.
308 894 398 928 1148,
424 893 461 920 ad
473 892 540 920 Aul.
557 893 626 921 565.
673 891 805 919 Praesens
818 891 992 928 profuturo,
1018 892 1053 919 cf.
1067 890 1104 919 ad
1117 892 1224 929 Amph.

104 947 178 982 714;
203 955 270 974 nam
294 944 399 973 Pseud.
425 945 501 972 727:
531 945 572 979 „si
596 943 716 981 quidem
740 942 793 970 hoc
817 943 899 970 uiuet
923 940 1042 980 caput“.
1066 958 1107 962 -—
1135 945 1224 973 1050.

97 995 208 1035 palam
225 995 278 1032 est,
302 996 399 1034 palam
413 996 489 1024 facta
503 998 556 1029 est,
582 995 618 1023 cf.
632 994 720 1032 Capt.
741 995 810 1022 520.
847 993 910 1021 Mil.
934 995 1001 1022 173.
1027 994 1063 1022 al.
1078 1010 1118 1014 —
1135 996 1224 1024 1051.

104 1047 176 1078 astu
197 1048 286 1077 Both.
311 1057 381 1082 em„
417 1058 443 1076 v.
469 1047 504 1075 ad
529 1046 612 1084 Capt.
639 1047 709 1075 222,
767 1042 852 1074 Mihi
880 1042 1067 1082 captandum
1089 1047 1137 1075 est
1159 1054 1227 1075 cum

103 1098 157 1130 illo
183 1099 238 1136 (sic
262 1096 298 1137 A)
322 1100 340 1128 i.
365 1109 399 1134 e.,
425 1098 607 1133 certandum,
643 1108 701 1135 quo
726 1107 791 1125 eum
815 1106 920 1134 capere
945 1107 1041 1126 coner.
1100 1098 1225 1127 Lorenz.

106 1153 220 1183 confert
242 1151 318 1180 Attii
341 1160 368 1179 v.
384 1151 459 1180 541:
490 1149 619 1186 „Contra
643 1152 688 1177 est
712 1148 838 1177 eundum
863 1150 971 1177 cautim
996 1152 1025 1177 et
1049 1149 1227 1187 captandum

105 1202 207 1233 mihi“.
253 1202 375 1238 Quintil.
400 1201 433 1238 V,
461 1202 507 1237 13,
534 1202 586 1230 54:
626 1197 806 1238 „captatio‘⁴.
842 1215 881 1218 —
921 1201 1010 1229 1052.
1045 1200 1140 1228 Senex
1164 1211 1229 1230 cum

106 1257 254 1294 piscatore
272 1264 302 1282 se
321 1256 488 1291 comparat,
513 1249 639 1282 hamum
655 1252 842 1280 scribendum
862 1261 924 1280 esse
942 1251 1088 1280 intellexit
1107 1252 1228 1289 Kayser,

108 1306 243 1335 Heidelb.
267 1304 371 1333 Jahrb.
400 1305 479 1333 1854
508 1314 536 1342 p.
561 1305 637 1339 425,
673 1306 703 1331 et
730 1303 786 1332 hoc
815 1304 845 1331 in
870 1304 894 1331 A
924 1303 997 1339 legit
1026 1303 1119 1342 Gepp.
1146 1304 1229 1333 stud.

107 1368 135 1396 p.
161 1358 209 1386 77.
245 1356 419 1394 Superiores
443 1356 529 1394 longe
553 1356 782 1390 aberraverant3
805 1355 910 1391 vulgo:
938 1364 1053 1390 „meum
1077 1356 1230 1384 ostendam

107 1406 256 1437 sensum“.
304 1408 352 1436 R:
381 1409 472 1443 „iram
498 1406 682 1436 ostendam⁴‘.
727 1406 809 1435 Idem
835 1417 904 1435 vero
928 1410 1022 1435 recte:
1047 1405 1232 1435 Sensim.—

111 1461 201 1489 1053.
225 1456 386 1488 mortalem
408 1459 486 1488 Pius.
502 1475 542 1478 —
558 1460 647 1488 1055.
672 1466 737 1486 non
760 1455 862 1495 maij
885 1455 959 1486 clare
982 1455 1071 1486 hodie
1093 1459 1127 1494 A,
1153 1459 1232 1496 quod

108 1513 166 1540 iam
189 1520 283 1550 prope
306 1510 493 1539 divinaverat
516 1511 628 1539 Camer.
659 1525 700 1529 —
731 1506 830 1547 lapidi
860 1509 967 1545 facete,
1003 1520 1069 1538 nam
1101 1512 1130 1538 et
1153 1513 1232 1539 recte

110 1563 218 1592 dicitur
236 1562 328 1601 lapidi
348 1562 438 1590 verba
456 1562 520 1590 dari
541 1572 598 1590 non
615 1572 712 1600 posse,
734 1572 787 1590 nec
807 1561 943 1599 displicet
957 1562 1140 1599 comparatio
1154 1563 1232 1591 senis

110 1624 174 1643 oum
197 1614 305 1652 lapide,
337 1624 395 1651 quo
419 1614 491 1641 nihil
515 1614 654 1642 stolidius
678 1616 732 1647 est,
763 1612 797 1641 cf.
821 1612 885 1640 Mil.
915 1613 1002 1641 1018.
1040 1612 1130 1641 Merc.
1161 1614 1232 1642 624.

109 1666 177 1694 Ter.
202 1665 308 1694 Heaut.
335 1665 406 1693 917.
441 1664 512 1693 Hec.
534 1665 603 1693 214.
625 1679 665 1684 —
693 1665 781 1693 1056.
806 1660 857 1692 ille
879 1664 1036 1692 omittebat
1060 1664 1104 1700 R„
1129 1665 1179 1692 sed
1205 1675 1233 1694 v.

109 1717 245 1755 Prolegg.
268 1727 297 1755 p.
326 1717 394 1745 198.
418 1731 460 1735 -
486 1717 576 1744 1057.
595 1723 749 1753 Ρναεδεηε
767 1713 936 1752 praesenti,
960 1716 995 1743 cf.
1011 1715 1115 1744 Pseud.
1133 1717 1232 1745 1145:

113 1778 273 1807 „praesens
296 1770 481 1805 praesentem
505 1768 619 1796 uides“.
637 1782 673 1786 —
692 1768 781 1795 1058.
806 1764 883 1805 quid
904 1763 1030 1804 ayitur?
1055 1767 1126 1804 quid
1151 1767 1235 1805 agis?

112 1821 148 1849 cf.
168 1819 275 1848 Pseud.
297 1820 368 1848 457.
393 1834 434 1838 —
469 1816 607 1849 Ueniunt
627 1826 700 1847 rure
722 1815 842 1847 mstici.
889 1817 1089 1846 Philolachem
1113 1819 1236 1847 arcessi-

112 1874 174 1900 tum
203 1881 253 1900 rus
282 1872 387 1900 missus
419 1874 483 1899 erat
512 1881 539 1899 v.
565 1871 635 1899 911.
690 1878 762 1898 rure
786 1870 909 1898 Lorenz.
935 1869 1065 1906 Langen.
1090 1869 1182 1898 Beitr.
1206 1880 1235 1908 p.

114 1923 174 1951 308
198 1932 241 1960 sq.
265 1937 306 1942 —
340 1923 428 1951 1059.
460 1922 518 1951 Pro
542 1925 682 1960 corrupto
710 1920 885 1956 „aduenies“
919 1920 964 1949 ed.
989 1930 1033 1958 pr.
1060 1920 1236 1958 „aduenit“;

113 1973 215 2002 Dousa
240 1972 417 2009 ,‚aduenis“;
455 1983 508 2010 ego
542 1983 607 2002 cum
630 1973 744 2010 Buggio
769 1969 939 2001 aduenerit.
963 1987 1004 1991 —
1037 1973 1126 2001 1060.
1156 1969 1238 2002 hunc

114 2025 160 2054 ed.
184 2034 229 2062 pr.
266 2040 307 2044 —
342 2021 503 2060 audacem,
534 2025 569 2054 cf.
594 2025 630 2053 ad
654 2024 738 2062 Capt.
764 2025 833 2052 286.
887 2023 944 2052 Cio.
969 2024 999 2051 in
1023 2023 1082 2052 Pis.
1107 2025 1156 2059 29,
1183 2025 1236 2052 70:

118 2086 194 2113 „non
222 2078 256 2105 ut
284 2076 467 2114 improbum,
502 2086 560 2104 nou
594 2078 628 2104 ut
659 2075 807 2109 audacem,
844 2085 901 2103 non
930 2077 963 2103 ut
992 2074 1172 2113 impurum“.
1197 2091 1239 2095 —

122 2128 211 2156 1061.
245 2124 325 2164 Quia
348 2127 433 2156 Both.
458 2137 530 2163 em.;
567 2127 592 2155 si
618 2124 711 2162 ‚,Qui“
737 2127 869 2163 legatur,
902 2124 1027 2163 „neget“
1053 2127 1239 2156 scribendum

983 2182 1036 2208 24*

1575 2261 1596 2478 l
