1596 2478
300 190 360 218 140
801 186 908 213 Casina.

301 293 448 321 „exporge
471 282 632 311 frontem“.
667 283 745 311 infra
769 283 839 312 384.
871 297 912 303 —
943 284 1003 311 262
1040 283 1135 321 Gepp.
1161 286 1240 312 recte
1272 283 1334 311 seni
1358 292 1424 311 cou-

297 335 440 369 tinuavit3
465 335 553 370 vulgo
577 344 662 363 servo
686 334 784 362 datur.
809 349 850 353 —
875 335 946 362 263.
975 333 1069 368 „Pro“
1097 335 1160 362 iure
1184 334 1294 362 delevit
1312 333 1423 371 Gepp.;

299 385 491 421 „Perbonae“
517 385 604 413 Both.
640 400 680 404 —
715 385 786 414 265.
821 382 903 413 nihil
931 385 991 419 esi,
1027 384 1101 412 nulli
1131 386 1197 414 usui
1228 389 1290 419 est,
1324 385 1360 412 cf.
1386 384 1424 412 ad

295 437 378 465 Asin.
399 437 470 465 424.
496 451 536 456 —
561 436 631 465 266.
659 433 724 472 Quo
747 433 784 464 id
805 436 1036 471 Joergensenius
1060 446 1130 471 ern.;
1155 436 1299 464 edebatur
1319 435 1423 471 „Quod

296 487 385 522 uelis,
419 487 508 515 modo
538 488 567 516 id
591 486 714 515 uelim“.
738 501 779 506 —
812 494 858 514 me
879 485 958 515 scire
982 487 1048 515 edd.
1077 501 1111 506 —-
1138 484 1264 524 eloquar
1287 487 1424 516 Mueller.

297 538 379 566 Pros.
409 549 439 576 p.
465 540 540 573 6483
580 538 732 566 Acidaliae
765 536 872 575 „ergo“
906 539 1078 575 scripserat.
1113 552 1154 557 —-
1189 538 1259 566 269.
1295 537 1368 566 Post
1397 536 1424 565 te

295 590 393 618 hiatus
411 590 440 617 iu
459 599 576 618 caesura.
597 604 640 609 —
659 590 729 617 272.
753 589 821 623 tuo3
850 592 987 624 „mortuo
1011 590 1089 617 onim
1112 599 1198 618 servo
1222 588 1361 617 damnum
1386 589 1423 617 ad

296 640 398 668 herum
428 639 553 668 recidit“
586 641 688 669 Lamb.
727 654 765 660 —
801 641 871 669 273.
907 639 980 668 nato
1011 640 1100 667 etium
1125 641 1155 668 in
1179 640 1202 668 B
1223 640 1421 675 emendatum,

297 691 332 720 cf.
358 691 394 719 ad
418 691 506 720 Most.
533 692 603 720 394.
635 706 677 711 —
713 692 782 720 275.
819 687 924 726 efferto
950 690 1006 719 BE.
1053 687 1154 719 sitella
1178 698 1247 719 cum
1271 698 1361 728 aqua,
1386 691 1421 719 cf.

297 743 333 770 ad
350 742 428 770 Men.
452 744 542 771 1017.
587 742 633 771 Ex
656 743 754 771 sitella
778 752 859 779 aquae
884 742 973 779 plena
997 745 1091 770 sortes
1116 742 1328 780 extrahuntur3
1352 743 1387 771 cf.
1403 742 1421 770 l.

295 793 369 822 Acil.
384 803 446 831 rep.
467 792 511 828 (C.
526 794 547 822 I.
563 793 596 821 L.
613 791 686 830 198)
706 803 732 822 v.
749 794 798 822 53.
824 808 864 812 —
889 794 958 823 275.
985 789 1148 830 frustulam,
1173 794 1191 822 i.
1207 803 1231 821 e.
1248 793 1339 821 telum
1359 793 1423 821 funi

294 845 453 878 munitum,
488 854 547 882 quo
577 846 626 881 qui
655 854 813 882 percussus
844 848 889 872 est
917 844 1056 872 trahatur
1087 841 1128 880 (v.
1159 844 1196 872 ad
1221 844 1309 881 Epid.
1336 841 1420 880 688).

298 895 360 923 Hoc
377 905 414 923 ne
432 895 492 931 fiat,
515 892 684 924 decidenda
703 896 749 924 vel
766 895 956 933 praecidenda
975 898 1028 930 est,
1053 899 1086 923 ut
1105 895 1164 923 alio
1182 897 1227 924 vis
1251 896 1314 923 eius
1338 905 1422 923 aver-

298 950 388 974 tatur.
420 961 461 966 —
490 948 561 975 279.
598 943 638 976 Ut
661 944 793 984 quidem,
826 946 862 974 cf.
887 946 922 974 nd
947 946 1032 984 Capt.
1058 947 1130 975 643.
1164 961 1206 965 —
1241 947 1310 975 280.
1347 943 1425 984 quid

297 994 380 1025 lubet
406 998 526 1035 scripsi,
563 1007 619 1025 non
652 999 749 1034 „quod
774 997 885 1033 lub‹et“,
921 998 1002 1035 quod
1026 997 1048 1026 B
1081 997 1184 1026 habuit
1213 998 1262 1025 ille
1293 997 1421 1035 quidem,

295 1048 346 1076 sed
371 1050 501 1076 correxit
529 1049 656 1077 fortasse
686 1050 742 1076 iam
773 1050 868 1086 prima
892 1059 1004 1077 manue.
1029 1064 1070 1068 —
1102 1050 1172 1078 281.
1198 1047 1322 1077 uincam
1347 1048 1422 1086 Gep—

296 1104 375 1136 port.
400 1109 454 1127 em.
503 1100 555 1127 His
579 1100 666 1128 dictis
691 1100 832 1128 Chalinus
856 1100 927 1128 abit.

383 1151 454 1179 282.
489 1148 597 1186 Satin,
633 1161 658 1179 v.
685 1151 721 1179 ad
746 1149 853 1188 Amph.
880 1152 950 1179 627.
987 1166 1027 1170 —
1063 1152 1132 1179 284.
1170 1147 1304 1185 nullum,
1334 1160 1360 1178 v.
1386 1151 1422 1178 ad

297 1201 415 1230 Trucul.
433 1203 500 1230 194.
514 1216 555 1221 —
569 1202 639 1230 285.
663 1199 796 1238 specula,
811 1203 847 1230 cf.
862 1202 941 1230 Pers.
957 1203 1026 1230 309.
1063 1202 1122 1230 Cic.
1136 1213 1164 1240 p.
1179 1202 1294 1230 cluent.
1310 1203 1359 1237 26,
1375 1202 1424 1230 72.

296 1249 332 1280 in
354 1251 435 1281 soriz'
457 1253 504 1281 est
526 1263 581 1281 em.
607 1253 740 1281 Guietus.
766 1268 807 1272 —
839 1254 909 1281 286.
942 1250 1124 1287 (imolas-Sit,
1155 1253 1328 1287 delicuerit,
1358 1263 1424 1281 eva-

297 1305 404 1338 nuerit,
431 1314 456 1332 v.
481 1304 518 1332 ad
543 1304 628 1342 capt.
654 1305 725 1332 496.
751 1319 792 1323 --
816 1301 973 1339 culcitam,
998 1305 1026 1332 iu
1051 1314 1109 1341 qua
1133 1314 1239 1342 corpus
1263 1313 1346 1331 suum
1371 1305 1424 1331 iin-

297 1358 398 1391 ponat.
428 1369 469 1374 —-
499 1356 569 1383 287.
598 1352 744 1391 Eumque
766 1352 956 1390 incumbam,
989 1356 1024 1384 cf.
1051 1355 1145 1384 Lucil.
1170 1365 1217 1393 ap.
1242 1355 1369 1383 Nonium
1394 1365 1422 1393 p.

299 1406 372 1434 502:
401 1405 627 1444 „Suspendatne
651 1417 681 1434 ee
705 1417 740 1434 an
765 1407 896 1444 gladium
920 1407 1079 1442 incumbat,
1105 1417 1140 1434 ne
1159 1407 1271 1435 caelum
1292 1404 1422 1434 videat“.

383 1458 452 1486 288.
488 1457 618 1486 Senariis
651 1468 738 1486 scena
772 1459 885 1495 scripta
919 1462 973 1486 est.
1026 1457 1165 1495 Olympio
1201 1457 1288 1486 domo
1323 1459 1424 1486 exiens

297 1508 386 1536 etiam
414 1518 490 1537 nunc
520 1519 585 1537 cum
614 1509 781 1537 Cleostrata
810 1510 953 1547 loquitur.
1011 1509 1082 1538 Tam
1110 1509 1209 1544 facile,
1247 1510 1352 1546 inquit,
1394 1510 1423 1538 in

297 1558 413 1587 furnum
448 1559 575 1588 calidum
610 1570 656 1588 me
691 1561 843 1595 conficies,
879 1570 967 1597 quam
1002 1561 1177 1598 impetrabis
1209 1564 1242 1587 ut
1273 1571 1287 1587 n
1317 1559 1424 1588 Casina

295 1610 426 1647 petenda
450 1611 600 1639 absistam.
653 1608 724 1640 Una
748 1619 850 1648 opera,
875 1611 934 1640 vid.
950 1611 986 1640 ad
1000 1612 1080 1639 Asin.
1096 1611 1145 1645 98,
1171 1613 1295 1639 maxime
1314 1611 1422 1641 Pseud.

298 1662 357 1690 319
372 1672 430 1698 sq.:
459 1672 538 1699 „qua
560 1671 652 1700 opera
675 1662 792 1690 credam
818 1663 882 1697 tibi,
909 1663 974 1692 Una
997 1672 1087 1699 opera
1113 1662 1240 1698 adligem
1266 1663 1422 1699 fugitiuum

296 1722 396 1741 canem
421 1714 538 1750 agninis
561 1712 716 1742 lactibus⁴‘.
763 1713 807 1742 Ex
832 1724 891 1751 quo
916 1714 980 1742 loco
1004 1716 1129 1750 apparet
1153 1723 1178 1741 v.
1206 1714 1266 1742 290
1290 1713 1420 1742 scriben-

297 1763 365 1791 dum
390 1774 467 1792 esse:
493 1772 552 1800 qua
576 1762 656 1793 {sinc
679 1771 780 1801 opera,
805 1774 929 1802 quorum
950 1765 1084 1793 ultimum
1103 1774 1203 1793 vocem
1224 1768 1304 1793 recte
1323 1775 1422 1793 serva-

295 1814 340 1841 vit
362 1814 385 1842 B
409 1818 439 1842 et
462 1815 486 1842 E
516 1826 559 1853 pr.
587 1826 622 1843 m.
674 1815 821 1844 Viderunt
850 1816 904 1844 hoc
933 1817 1021 1843 etiam
1055 1815 1133 1844 Brix.
1159 1819 1189 1844 et
1219 1815 1356 1844 Mueller.
1382 1831 1422 1835 —

296 1865 366 1893 289.
394 1862 561 1900 „Rubiflus
582 1864 698 1903 paniS“
724 1867 821 1904 inquit
844 1867 950 1894 Festus
973 1877 1002 1904 p.
1018 1867 1078 1895 262
1106 1867 1294 1904 „appellatur
1317 1877 1421 1905 parum

294 1916 412 1944 coctus“
439 1917 494 1945 hoc
518 1918 609 1945 allato
634 1918 707 1946 loco.
764 1917 856 1945 Immo
889 1919 1070 1946 contrarium
1095 1917 1295 1953 significatur,
1332 1917 1420 1946 vehe-

294 1970 410 1996 menter
433 1972 548 2004 coctus;
579 1969 734 2004 siligineus
762 1969 846 2006 panis
876 1978 980 2006 purum
1005 1972 1104 1997 coctus
1129 1969 1258 1997 albescit.
1283 1983 1325 1988 —
1349 1969 1420 1997 291.

294 2016 331 2046 ut
361 2015 453 2047 verba
487 2017 593 2053 (ludio,
629 2019 664 2048 cf.
694 2019 730 2047 nd
761 2019 823 2047 Mil.
849 2021 909 2048 473
941 2024 970 2047 et
999 2019 1035 2047 nd
1059 2019 1140 2047 Trin.
1167 2020 1236 2047 549.
1273 2033 1314 2038 —
1349 2019 1420 2047 292.

293 2076 367 2098 uero
391 2069 469 2098 Cam.
522 2066 678 2105 libertate,
707 2070 850 2107 neganda.
895 2084 930 2089 —
967 2071 1038 2098 293.
1079 2067 1162 2106 Quin
1191 2070 1351 2098 Acidalius.
1380 2084 1422 2089 —

296 2121 366 2149 294.
402 2119 567 2158 ingratiis,
604 2131 629 2149 v.
661 2121 697 2149 nd
730 2122 797 2149 181.
828 2135 867 2140 -
897 2122 968 2149 295.
1005 2117 1108 2149 libella
1142 2130 1252 2158 parvus
1286 2130 1422 2149 nummus
