1596 2478
151 179 194 209 lv,
216 181 238 207 1,
264 180 349 206 16--2,
374 180 402 202 13
630 178 793 204 Cistellaria.
1210 184 1266 211 115

568 272 674 303 Phau
685 279 844 304 nstrata

149 326 176 357 N
181 337 220 357 on
244 331 371 358 ecastor
395 336 490 357 cassa
513 336 663 358 memoro.

598 403 821 444 Lampadio

598 457 689 493 Nam,
714 457 858 491 obsecro.
884 459 968 489 unde
993 459 1072 491 haec
1095 460 1268 499 gentium?

148 511 193 542 An
218 512 291 551 quis
316 511 396 542 deus
422 512 541 543 obiecit
567 511 647 543 hanc
671 517 746 543 ante
771 512 891 543 ostium
918 518 1067 544 nostrum
1092 514 1185 554 quasi

149 565 266 596 Dedita
290 576 398 606 opera.
425 567 456 596 iu
481 570 626 605 tempore
651 566 747 607 ipso'?

568 642 700 674 Phario
712 646 847 674 strata

773 697 853 738 Spes
878 698 953 729 mihi
979 703 1093 730 sancta
1117 699 1266 730 subueni.

292 904 484 936 HALISCA.
531 904 759 936 LAMPADIO.
806 904 1126 937 PHANOSTRATA.

622 999 786 1030 Halisca

147 1053 216 1085 Nisi
241 1054 319 1094 quid
340 1053 418 1084 mihi
443 1054 514 1094 opis
535 1053 567 1084 di
586 1054 674 1089 dant,
700 1054 833 1094 disperii
859 1064 973 1094 neque,
1004 1054 1090 1086 unde
1110 1055 1265 1086 auxilium

862 1112 1023 1148 expetam,
1048 1109 1162 1141 habeo.

146 1162 262 1202 Itaque
286 1162 469 1202 petulantia
493 1172 564 1193 mea
587 1173 636 1193 me
661 1162 759 1193 animi
783 1163 934 1194 miseram
959 1162 1068 1201 habet,
1216 1174 1267 1199 505

146 1215 236 1253 Quae
260 1217 291 1247 in
315 1220 441 1256 tergum
466 1227 571 1247 meum
596 1227 636 1247 ne
660 1217 780 1254 ueniat,
807 1217 890 1248 male
915 1216 1062 1252 formido,

146 1270 178 1302 Si
203 1281 257 1301 era
282 1281 330 1301 me
355 1271 438 1301 sciat
461 1275 528 1302 tam
553 1270 722 1302 socordem
747 1281 827 1308 esse,
851 1281 950 1312 quam
974 1282 1054 1303 sum.

146 1324 248 1362 Quam
272 1325 304 1355 in
329 1325 477 1356 manibus
501 1325 591 1356 tenui
615 1329 714 1366 atque
739 1326 852 1366 accepi
875 1325 927 1356 hic
952 1330 1027 1357 ante
1052 1326 1142 1358 aedis

146 1378 323 1412 Cistellam.
347 1379 402 1410 ubi
426 1390 465 1410 ea
488 1380 538 1411 sit.
563 1380 680 1414 nescio,
705 1380 776 1414 nisi,
800 1383 837 1410 ut
862 1380 986 1420 opinor,

148 1433 233 1464 Loca
256 1433 336 1464 haec
361 1435 490 1464 circiter
513 1434 634 1464 excidit
657 1434 744 1465 mihi.
1216 1445 1267 1470 510

145 1488 189 1519 Mi
213 1487 368 1526 homines,
396 1489 437 1519 mi
461 1492 674 1529 spectatores,
697 1489 796 1520 facite
820 1489 986 1525 iudicium,
1011 1490 1036 1521 si
1061 1491 1132 1530 quis
1156 1491 1248 1527 uidit,

147 1541 225 1579 Quis
255 1553 326 1574 eam
357 1542 532 1573 abstulerit
559 1544 675 1582 quisue
706 1544 889 1577 sustulerit.
925 1548 957 1575 et
988 1547 1096 1575 utrum
1131 1544 1192 1575 hac
1224 1555 1266 1576 an

861 1598 937 1629 illac
959 1599 1022 1629 iter
1045 1599 1211 1630 institerit.

146 1651 219 1682 Non
244 1662 315 1682 sum
339 1652 460 1684 scitior.
485 1661 569 1691 quae
594 1651 653 1683 hos
677 1662 787 1692 rogem
813 1657 869 1683 aut
893 1663 975 1693 quae
999 1652 1143 1693 fatigem,

147 1704 210 1742 Qui
234 1715 362 1745 semper
384 1705 471 1736 malo
495 1705 646 1737 muliebri
671 1710 745 1737 sunt
769 1706 925 1738 lubentes.

231 1834 279 1858 501
300 1835 425 1859 ecastore
444 1833 484 1859 ais
503 1842 519 1859 a
601 1835 652 1860 502
671 1835 728 1860 Aut
813 1834 937 1860 hostium
956 1834 986 1861 E
1069 1836 1118 1862 503
1136 1836 1266 1862 subuenit

233 1875 322 1902 Titulo
336 1877 478 1902 adduntur
492 1876 659 1909 ANCILLA,
675 1877 824 1909 SERUUS,
844 1877 987 1904 MULIER
998 1878 1266 1906 ‹LAMPADISCUS

145 1917 214 1950 ΒΕ)
283 1920 332 1944 504
352 1919 458 1953 opesidi
478 1919 512 1951 B,
532 1929 599 1953 opes
619 1921 646 1946 di
666 1920 713 1946 ΙΕ
781 1924 928 1953 expectaui
947 1920 976 1946 E
1050 1923 1098 1947 505
1119 1930 1162 1947 me
1181 1930 1232 1948 om.
1252 1923 1271 1948 I

146 1962 196 1987 506
215 1961 358 1994 integi-imi
377 1961 406 1988 E
491 1964 605 1989 ueniant
622 1962 680 1989 BE
769 1965 817 1989 507
838 1972 897 1989 mea
986 1964 1036 1989 508
1055 1972 1174 1997 quamne

147 2005 238 2030 tenuit
257 2007 340 2037 atque
359 2006 469 2038 accepit
538 2006 604 2032 hinc
623 2007 642 2032 I
710 2008 760 2032 510
779 2015 827 2032 aec
846 2006 872 2032 B
952 2007 1012 2032 exci
1032 2007 1092 2032 udit
1111 2007 1141 2033 E
1218 2010 1264 2034 511

147 2046 185 2072 Mi
204 2046 330 2073 homiues
350 2048 518 2075 antecedenti
537 2057 614 2075 versu
701 2049 767 2083 quid
786 2049 832 2076 IE
919 2049 994 2075 uidet
1087 2052 1138 2075 512
1158 2050 1186 2076 Si
1206 2052 1266 2084 quis

253 2090 326 2116 inter
343 2090 376 2123 B,
396 2091 454 2117 inte
472 2091 520 2118 IE
650 2093 699 2118 513
718 2092 779 2119 Non
799 2101 859 2118 sum
879 2101 927 2118 om.
946 2093 977 2118 in
996 2093 1096 2120 lacuna
1114 2092 1161 2119 IE'

148 2131 234 2158 Sitior
252 2133 272 2158 I
358 2134 407 2159 514
425 2134 553 2160 iubentes
572 2133 602 2160 E

1030 2191 1062 2215 ὃ*
