1596 2478
314 157 375 186 278
806 154 940 188 Epidicus

317 250 456 287 „uerum“
483 251 612 289 scripsit,
636 251 738 280 Goetz.
759 254 785 278 et
813 260 867 288 ego
890 251 960 279 olim
985 259 1068 280 uera.
1086 259 1271 288 —parcam
1287 250 1438 290 proloqui

314 302 350 330 cf.
375 302 479 330 Bacch.
507 303 578 330 905.
624 301 713 330 Poen.
745 303 820 330 347:
858 311 1020 340 „conperce
1051 312 1095 330 me
1125 302 1316 331 att1·ectaro“.
1368 303 1436 332 Ter.

315 353 385 381 Hoc.
405 354 480 382 282:
509 352 650 387 „hancine
675 362 729 390 ego
753 353 843 381 uitam
867 354 947 391 parsi
972 351 1128 390 perdere“.
1153 353 1189 381 nl.
1211 368 1251 372 —
1270 354 1341 382 464.
1365 350 1438 383 uolo

314 401 403 432 hodie
414 405 448 432 A.
470 417 512 422 —
529 403 600 432 465.
627 400 668 432 Te
686 400 848 432 absoluam
866 400 958 438 brevi,
982 404 1064 433 brevi
1084 414 1225 442 responso
1238 408 1267 433 te
1280 404 1436 441 dimittam,

315 456 351 484 cf.
377 455 413 483 nd
433 454 500 483 Aul.
521 455 590 483 509.
612 468 651 473 —
677 455 749 484 467.
774 452 821 490 Si,
845 455 925 493 quod
949 456 978 483 in
1002 455 1025 483 Β
1049 459 1213 484 extremum
1238 455 1334 484 locum
1358 460 1437 485 ante-

315 506 447 534 cedentis
470 515 572 534 versus
595 508 685 540 tenet,
709 506 738 534 in
761 506 774 534 I
798 507 964 544 ceterisque
989 507 1109 534 excidit.
1135 520 1176 525 —
1199 503 1440 536 dimmaerantur

316 557 430 591 (ἆσαι,
455 566 482 586 v.
507 557 545 585 ad
570 557 641 585 367.
666 571 706 576 -
731 558 802 586 468.
828 554 913 586 Tuas
931 553 1107 593 possidebit
1128 554 1237 592 scrius,
1262 559 1280 585 i.
1299 567 1324 586 e.
1346 558 1438 586 otium

316 612 398 636 tuum
423 608 590 645 occupabit,
613 617 667 646 per
690 608 720 636 id
738 612 863 646 tempus,
889 617 946 645 quo
965 619 981 636 a
998 608 1076 641 balio
1096 617 1194 643 vacas,
1217 611 1247 637 te
1266 608 1438 638 delectabit.

319 657 492 693 „Indutiae“
525 660 567 686 ait
596 658 690 687 Varro
721 669 767 696 ap.
793 658 869 687 Gell.
894 658 916 694 Ι,
948 660 985 687 25
1023 662 1111 694 „sunt
1139 658 1209 687 belli
1240 660 1362 688 ferino“.
1397 674 1438 680 -·

316 710 387 738 469.
411 710 504 747 atque
527 708 571 738 ita
591 707 731 747 profecto
755 713 822 745 cet.,
847 714 877 738 et
900 720 934 739 ea
958 710 1075 747 quidem
1099 710 1281 745 condicione,
1306 714 1339 739 ut
1361 718 1439 747 cam,

316 761 474 797 fidicinam,
505 771 540 790 ex
565 770 636 798 agro
659 763 760 790 Attico
786 761 908 796 ‹·ducns;
943 771 1009 789 nam
1039 764 1107 790 ante
1130 762 1230 790 omnia
1253 772 1317 790 eum
1340 772 1357 790 s
1380 762 1440 790 filio

317 812 450 841 abstrahi
475 813 548 841 vult.
568 827 607 831 —-
633 813 704 841 470.
728 810 828 842 Estne
850 812 951 849 empta
973 809 1052 841 mihi
1074 810 1148 840 istis
1171 809 1289 849 leyibus
1311 816 1392 841 recte
1404 814 1440 842 A.

317 863 352 892 In
374 864 510 902 personis
534 863 749 892 distribuendis
774 874 830 892 non
855 863 940 892 codd.
966 863 1017 891 sed
1042 863 1107 892 edd.
1127 867 1266 892 errarunt
1289 874 1380 901 usque
1403 864 1441 893 nd

317 914 486 950 Goetzium‚
521 915 599 953 quod
639 914 742 949 „PER
772 915 842 943 Istis
873 916 988 951 legibus
1019 914 1145 943 habens⁴⁴
1177 915 1371 953 scripserunt.
1400 929 1441 935 -—

318 966 389 995 471.
417 963 640 996 Conciliauisti
655 963 780 1003 pulcre,
805 968 824 994 i.
849 976 872 995 e.
898 966 970 994 bene
995 967 1107 1001 emisti,
1138 966 1191 994 vili
1213 967 1328 1004 pretio,
1354 976 1378 995 v.
1404 966 1441 995 ad

317 1017 401 1055 Capt.
418 1018 487 1046 131.
529 1017 633 1046 Goetz.
659 1018 734 1046 male
757 1017 817 1046 haec
842 1017 932 1045 verba
956 1017 1045 1045 militi
1068 1017 1129 1046 dat.
1170 1016 1235 1045 Nou
1260 1019 1323 1045 siue
1346 1018 1443 1046 ironia

317 1069 378 1098 haec
408 1068 468 1097 dici
496 1071 621 1106 apparet
656 1078 692 1096 ex
720 1069 770 1104 iis,
805 1078 870 1106 quse
905 1068 1056 1097 adduntur
1075 1060 1160 1096 ‘472:
1201 1069 1317 1105 „Atque
1351 1070 1442 1097 etiam

318 1119 391 1148 fides
415 1117 489 1148 cet-‘⁴
522 1134 563 1138 —
592 1116 682 1148 Heus
706 1122 776 1148 cett.
801 1121 896 1148 seruis
925 1120 986 1148 suis
1009 1119 1090 1147 dicit.
1123 1133 1158 1138 -·-
1190 1120 1262 1148 473.
1296 1117 1342 1148 Ei
1364 1127 1442 1157 quae

319 1177 484 1206 accessere,
514 1180 587 1208 quae,
613 1181 703 1209 quum
727 1170 875 1199 fidicinam
901 1170 1040 1206 sinebam,
1068 1171 1197 1199 accessio
1221 1174 1296 1199 erut.
1320 1185 1362 1189 —
1386 1167 1444 1200 tibi

319 1218 434 1250 addam
467 1218 546 1250 dono
580 1225 611 1250 et
639 1223 664 1250 A
693 1224 724 1250 et
752 1225 820 1250 cett.
885 1221 988 1250 Goctz.
1019 1231 1084 1250 cum
1120 1221 1221 1250 Brixio
1258 1221 1331 1257 „tibi
1365 1222 1444 1251 dono

319 1271 457 1301 addnm'‘.
490 1287 526 1292 —
559 1274 631 1301 474.
662 1273 690 1301 te
713 1276 810 1302 exstat
832 1273 862 1300 in
885 1274 926 1307 A;
962 1272 1119 1301 addiderat
1142 1273 1198 1301 iam
1222 1272 1300 1301 Cam.
1325 1287 1365 1292 —
1394 1271 1444 1302 in-

321 1321 497 1361 temperiae,
531 1334 558 1353 v.
584 1324 620 1352 ad
644 1325 711 1353 Aul.
738 1326 786 1354 71.
843 1324 982 1353 Insanum
1007 1324 1095 1359 dicit,
1130 1325 1181 1362 qui
1204 1324 1262 1352 sibi
1284 1334 1343 1352 non
1367 1334 1442 1359 cam,

319 1385 406 1414 quam
431 1376 544 1411 emerit,
567 1375 617 1404 sed
642 1377 729 1404 aliam
752 1375 860 1404 tradat.
888 1390 928 1394 —
953 1377 1024 1404 475.
1052 1374 1207 1410 „tenebras
1230 1374 1345 1403 trudis“
1371 1375 1444 1404 nihil

319 1430 380 1462 θεῖς
414 1427 520 1456 saltem
551 1426 726 1463 ‚‚obtrudis“
763 1426 920 1456 dicendum
955 1429 1035 1460 erat,
1070 1428 1122 1454 aut
1153 1436 1217 1462 „mc
1246 1427 1276 1454 in
1304 1426 1443 1456 tenebras

318 1475 446 1513 trudis“‚
481 1481 514 1506 ut
550 1478 646 1506 voluit
676 1477 720 1506 W.
751 1477 906 1515 Wagner.;
941 1487 1006 1505 num
1043 1477 1122 1514 quod
1158 1477 1320 1506 Buecheler
1353 1475 1443 1513 (Ann.

318 1528 391 1566 phil.
415 1528 463 1557 CV
481 1539 510 1566 p.
527 1527 599 1562 113)
622 1538 676 1567 pro
699 1529 827 1557 terebris
851 1528 961 1557 dictum
986 1532 1082 1566 putat,
1106 1528 1227 1566 probari
1251 1539 1309 1557 non
1332 1532 1442 1566 potest.

318 1580 374 1608 Ed.
397 1589 444 1617 pr.
470 1580 626 1616 „tenebras
649 1580 763 1614 cudis“,
792 1584 822 1608 et
845 1580 887 1608 sic
909 1580 1007 1617 vulgO,
1037 1580 1136 1617 quasi:
1174 1580 1285 1615 „Quam
1314 1582 1347 1608 tu
1372 1579 1442 1608 mihi

318 1631 455 1660 nebulam
480 1630 607 1668 fingis?“
634 1631 686 1660 sed
710 1632 777 1660 cudi
801 1631 909 1660 nebula
932 1642 990 1660 non
1014 1634 1122 1669 potest.
1169 1632 1260 1659 Immo
1279 1640 1369 1668 quum
1388 1641 1442 1669 pro

318 1682 475 1721 splendida
498 1686 529 1711 et
552 1683 656 1720 pulcra
677 1683 779 1721 puella
802 1683 860 1712 vile
883 1686 1013 1711 scortum
1037 1682 1216 1719 productum
1247 1685 1332 1717 osset,
1363 1680 1442 1710 teue-

319 1731 392 1763 bras
415 1735 445 1763 id
469 1734 552 1768 dicit,
576 1738 609 1762 ut
625 1733 730 1763 Cicero
749 1734 884 1763 Pisonem
910 1735 939 1762 in
957 1735 1090 1761 oratione
1110 1733 1174 1768 (26,
1190 1730 1242 1768 62)
1264 1733 1441 1770 alloquitur:

322 1786 364 1820 „O
388 1786 536 1820 tenebrae,
571 1795 588 1813 o
617 1785 727 1820 lutum,
762 1795 779 1813 o
808 1783 943 1813 sordes!“
1003 1784 1087 1818 Quod
1111 1784 1134 1811 si
1159 1784 1202 1812 itu
1224 1789 1282 1820 est,
1317 1786 1444 1821 apparet

320 1834 418 1866 tradis
442 1836 630 1866 scribendum
653 1846 724 1865 esse.
755 1851 795 1855 —
825 1836 896 1864 476.
930 1835 1030 1870 „Intus
1054 1834 1178 1872 produci
1201 1834 1302 1863 iubes“
1329 1834 1441 1872 Gepp.;

321 1889 423 1923 „Intus
452 1889 536 1917 iubes
562 1886 706 1926 produci“
739 1888 842 1916 Goetz.
872 1896 935 1914 cum
962 1886 1138 1922 Brugmauo.
1169 1900 1211 1904 --
1240 1893 1310 1923 erqo
1338 1882 1369 1914 in
1397 1895 1441 1914 re·

318 1941 411 1977 petita
430 1940 658 1974 asseveratione,
682 1939 718 1968 cf.
732 1939 798 1967 Ter.
812 1938 905 1966 Andr.
920 1939 993 1965 850:
1021 1936 1157 1973 ‚,Mihiu?
1181 1936 1224 1965 SI.
1249 1936 1316 1965 Tibi
1338 1935 1438 1974 ergo.“

319 2002 344 2021 v.
371 1992 406 2020 ad
431 1992 538 2029 Amph.
567 1991 635 2019 172.
671 1990 802 2027 Langen.
819 1989 908 2017 Beitr.
929 2000 956 2027 p.
972 1990 1031 2017 238
1051 1999 1093 2025 sq.
1119 2003 1158 2007 —
1183 1989 1253 2017 480.
1278 1985 1387 2017 Meam
1404 1989 1440 2023 A,

318 2046 352 2071 ut
379 2043 436 2071 iam
466 2042 545 2071 Pius.
583 2056 621 2060 —
655 2037 742 2077 filius
775 2041 795 2068 Β
827 2041 854 2068 iu
886 2050 1003 2075 ruem-zu
1038 2040 1137 2068 suerat
1167 2038 1365 2075 ,‚fidicinsm‘⁴.
1403 2053 1440 2058 —

318 2094 378 2122 485
397 2103 439 2131 sq.
461 2103 495 2121 ex
514 2094 539 2121 A
558 2093 689 2121 restituit
708 2093 848 2130 Geppert.
868 2105 908 2109 —
931 2092 1001 2119 4515.
1027 2087 1201 2120 destinauit
1217 2090 1252 2125 A,
1277 2091 1296 2119 i.
1314 2100 1338 2118 e.
1359 2090 1439 2126 emit,
