1596 2478
308 187 365 216 124
812 183 900 210 Plauti
1172 183 1222 215 111,
1240 184 1264 216 2,
1285 181 1418 210 125—187

785 277 932 310 Tranio

458 332 541 372 Ergo
565 332 703 364 inridere
726 343 766 364 ne
789 331 923 364 uideare
946 335 979 364 et
1001 333 1121 372 gestire
1146 331 1331 368 admodum,

305 385 378 417 Noli
403 387 510 417 facere
534 387 729 418 mentionem
752 386 808 418 ted
829 386 955 419 emisse.

711 457 1016 499 Theopropides

1000 511 1166 550 Intellego.

305 564 345 595 Et
369 564 449 596 bene
475 565 631 596 monitum
656 565 738 597 duco
762 570 860 606 atque
884 576 952 597 esse
971 566 1130 597 existumo
1147 564 1279 596 humani
1298 565 1415 603 ingeni.

807 636 911 668 Simo

305 689 388 727 Quid
413 690 519 721 nunc?
564 689 645 728 Quin
671 695 704 722 tu
729 692 756 722 is
779 691 890 722 intro?
920 693 1017 732 atque
1042 691 1145 722 otiose
1170 694 1352 731 perspecta,
1381 694 1418 721 ut

1014 744 1114 776 lubet.
1368 752 1419 778 800

784 798 932 830 Tranio

305 852 391 883 Bene
417 852 612 893 beniyneque
637 852 778 884 arbitror
801 856 833 884 te
857 852 973 884 facere.

808 923 912 955 Simo

1013 978 1146 1009 Factum
1171 977 1286 1018 edepol
1310 977 1396 1008 uolo.

785 1038 931 1069 Tranio

304 1090 406 1123 Uiden
422 1091 618 1123 uestibulum
633 1096 708 1123 ante
721 1091 811 1123 aedis
825 1091 886 1123 hoc
900 1095 932 1123 et
944 1091 1178 1129 ambulacrum,
1190 1090 1418 1132 quoiusmodi‘?

710 1160 1020 1200 Theopropides

306 1213 524 1245 Luculentum
549 1214 662 1254 edepol
688 1214 843 1255 profecto.

785 1274 933 1305 Tranio

844 1328 910 1367 Age
933 1331 1045 1368 specta
1069 1327 1180 1367 postis,
1204 1328 1418 1368 quoiusmodi,

304 1380 435 1418 Quanta
458 1382 611 1413 firmitate
635 1382 713 1413 facti
737 1386 770 1413 et
792 1387 917 1423 quanta
940 1382 1166 1413 crassitudine.

710 1444 1012 1486 Theopropides

304 1498 374 1529 Non
399 1498 511 1530 uideor
535 1499 655 1530 uidisse
679 1500 782 1540 postis
807 1499 994 1540 pulcriores.

810 1557 916 1590 Simo

1040 1612 1094 1643 Pol
1120 1612 1198 1643 mihi
1369 1620 1420 1645 805

305 1666 351 1697 Eo
375 1667 482 1707 pretio
506 1668 605 1707 empti
629 1667 759 1698 fuerant
781 1667 867 1698 olim.

785 1727 932 1758 Tranio

922 1781 1028 1812 Audin
1053 1781 1201 1812 'fuerant‘
1226 1781 1355 1812 dicere?

305 1835 365 1866 Uix
390 1835 520 1866 uidetur
544 1836 708 1866 continere
733 1836 893 1866 lacrimas.

371 1955 420 1979 797
440 1958 465 1980 vt
484 1963 533 1981 om.
554 1954 579 1980 Β
647 1956 697 1979 798
716 1958 742 1980 to
812 1954 862 1978 799
880 1962 908 1979 se
982 1955 1092 1987 ingenio
1166 1954 1217 1979 800
1235 1953 1304 1986 Quid
1327 1953 1418 1979 nuuc?

304 1996 345 2022 Sl.
365 1998 429 2030 quio
451 2001 487 2022 tu.
507 1997 560 2023 ΤΒ.
580 1998 603 2022 is
673 1998 719 2022 801
743 1997 861 2029 benique
933 1996 971 2022 Sl.
991 2004 1040 2022 om.
1111 2000 1272 2029 sequuntur:

339 2040 365 2064 S.
388 2039 439 2065 Uin
459 2041 504 2073 qui
525 2040 690 2073 perductet?
720 2039 751 2066 ll.
771 2048 857 2072 apage
879 2043 958 2064 natum
981 2040 1180 2072 perductorom.
1201 2048 1255 2065 nou
1277 2039 1375 2072 placet.

338 2082 364 2108 S.
383 2082 453 2114 Quid
474 2083 534 2108 est?
556 2083 577 2108 ll
605 2083 704 2108 errabo
723 2083 816 2116 potius
835 2091 915 2115 quam
937 2081 1081 2115 perduct-»t
1100 2082 1243 2115 quispiam.

304 2126 353 2150 802
373 2125 541 2158 amplam-um
605 2127 653 2150 5404
673 2124 759 2158 Quum
780 2124 806 2150 B
871 2126 920 2150 506
940 2124 1123 2150 Autoufuerat
1141 2123 1175 2156 Β,
1196 2127 1240 2150 ant
1260 2124 1380 2150 insuerat
1400 2124 1422 2151 C
