1596 2478
159 211 195 242 11,
213 214 237 238 6.
257 211 357 237 20—29
666 206 772 232 Casina.
1237 206 1276 234 29

594 302 618 332 L
627 313 645 342 y
655 304 684 332 si
698 301 716 332 d
727 312 781 332 am
794 312 811 332 u
824 312 838 330 s

160 362 270 392 Dicam
295 360 389 391 euim,
415 367 486 388 mea
510 356 628 387 mulsa:
653 356 692 386 de
712 363 794 386 ustae
813 353 931 386 Casina
957 354 1030 384 hmo
1049 358 1160 383 nostro
1180 352 1277 383 uihco

161 415 308 446 Gratiam
333 413 444 443 facias.

598 463 840 495 Cleostrata

492 520 532 550 At
558 519 609 558 pol
634 528 691 557 ego
716 528 819 558 neque
844 517 927 547 facio
952 526 1055 556 neque
1080 525 1203 546 censeo

600 594 837 635 Lysidamus

162 653 241 684 Tum
266 652 366 691 igitur
389 661 448 690 ego
471 650 569 681 sortis
592 649 756 688 utrimque
776 648 925 687 partiam.

603 724 840 757 Cleostrata

959 779 1047 810 Num
1070 778 1144 819 quis
1167 776 1282 808 uotat‘?

603 840 842 880 Lysidamus

164 896 340 938 Optumum
365 900 463 936 atque
488 896 730 935 aequissumum
754 894 843 925 istud
868 903 948 928 esse,
972 893 1041 924 iure
1064 892 1181 923 iudico.

165 951 344 987 Postremo,
368 950 398 980 si
420 949 509 981 illud.
533 949 619 989 quod
641 949 799 985 uolumus,
824 949 959 979 eueniet.
983 946 1215 985 gaudebimu83
1235 954 1284 979 355

166 1005 220 1036 Sin
245 1014 348 1037 secus.
373 1004 535 1044 patiemur
558 1004 676 1034 animis
700 1003 824 1043 aequis.
870 1002 956 1033 Tene
981 1006 1101 1032 sortem
1128 1000 1204 1038 tibi;

167 1058 261 1096 Uide,
285 1057 362 1098 quid
387 1057 545 1098 scriptum
570 1061 628 1089 est.

641 1127 816 1168 Olympio

393 1182 508 1215 Unum.

635 1237 824 1269 Chalinus

456 1291 603 1332 Iniquom
628 1295 687 1329 est,
712 1291 791 1332 quia
814 1291 867 1322 isti
892 1291 982 1331 prius
1006 1300 1102 1329 quam
1127 1289 1205 1320 mihi
1229 1292 1287 1320 est.

608 1368 848 1409 Lysidamus

170 1424 288 1464 Accipe
311 1423 396 1455 hanc
419 1423 471 1454 sis.

628 1481 824 1513 Chalinus

446 1536 542 1569 Cedo.
588 1537 697 1567 Mane:
722 1547 818 1567 unum
845 1536 935 1567 uenit
957 1536 988 1566 in
1012 1539 1153 1566 mentem
1179 1534 1289 1571 m0d0;

175 1591 268 1627 Uide,
292 1602 331 1622 ne
355 1602 420 1632 qua
443 1591 509 1622 illic
532 1592 610 1622 insit
633 1591 698 1622 alia
723 1591 820 1622 sortis
843 1590 903 1621 sub
927 1600 1022 1630 aqua.

609 1667 846 1709 Lysidamus

1072 1709 1217 1741 Uerbero

171 1753 246 1785 Men
270 1757 303 1785 te
327 1764 439 1785 censes
462 1754 556 1786 esse?
1221 1734 1227 1747 '

613 1824 848 1857 Cleostrata

463 1879 561 1910 Nulla
584 1882 648 1918 est3
672 1879 757 1910 habe
781 1879 928 1919 quietum
952 1879 1095 1909 animum
1119 1878 1225 1909 modO.
1245 1886 1295 1912 360

258 1981 306 2006 351
326 1985 375 2007 ur&
393 1981 423 2007 E
481 1982 531 2008 353
550 1981 629 2007 fortis
648 1981 753 2014 utrimq
755 2001 832 2007 .....
844 1981 916 2006 iam·
928 2000 933 2006 .
946 2000 950 2005 .
963 1979 1040 2006 MUL
1053 2000 1057 2004 .
1069 1981 1130 2014 quis
1150 1980 1185 2013 B,
1205 1984 1294 2006 sortes

174 2023 274 2057 utrinq.
294 2024 347 2049 iam
368 2025 428 2057 quis
448 2023 495 2050 IE
587 2025 637 2050 355
656 2032 698 2050 om
726 2023 777 2056 ΙΕ,
795 2025 825 2049 in
842 2025 967 2057 maryine
985 2023 1065 2049 addit
1083 2022 1110 2049 B
1203 2024 1225 2048 si
1245 2031 1294 2049 om.

173 2067 222 2092 357
241 2066 314 2099 quod
334 2065 381 2092 ΙΕ
439 2070 480 2092 est
499 2073 548 2093 om.
568 2066 614 2093 IE
664 2067 753 2092 inicus
773 2071 788 2093 e
807 2066 839 2097 E,
861 2068 959 2092 unicus
980 2071 994 2092 e
1012 2066 1032 2091 Ι
1085 2067 1134 2092 355
1153 2066 1179 2090 in
1200 2074 1248 2091 om.
1270 2065 1299 2091 E

173 2110 222 2134 359
241 2109 299 2134 illic
317 2109 354 2134 sit
372 2108 418 2134 IE
485 2110 548 2135 Alia
566 2118 628 2135 sors
646 2110 669 2137 Ι,
690 2110 766 2134 Alias
786 2109 840 2134 oris
861 2108 889 2134 Ε
957 2110 1007 2135 360
1025 2116 1116 2133 cesses
1135 2107 1164 2133 E
1238 2116 1295 2133 esse

174 2151 248 2177 nulla
267 2151 313 2177 ΙΕ
397 2156 520 2186 quaetum
539 2152 597 2178 BE
