1596 2478
311 153 350 182 96
828 150 918 177 Plauti
1230 152 1268 184 11,
1287 153 1312 184 2,
1333 153 1434 178 14—25

721 243 1031 284 Theopropides

310 298 372 330 Sed
398 298 475 339 quid
502 298 584 328 hoc?
609 297 740 328 occlusa
763 298 860 328 ianua
884 301 934 329 est
957 298 1129 330 interdius.
1382 309 1432 334 435

310 351 461 383 Pultabo.
509 351 607 388 Heus,
631 351 745 391 ecquis
769 351 850 382 istas
874 352 981 392 aperit
1005 353 1083 383 mihi
1106 352 1206 384 foris?

795 403 949 436 Tranio

311 460 390 498 Quis
415 458 512 490 homo
535 462 593 496 est,
619 459 675 500 qui
698 462 829 490 nostras
853 459 944 489 aedis
968 460 1106 490 accessit
1129 461 1250 500 prope?

720 511 1031 552 Theopropides

312 567 403 598 Meus
428 577 541 598 seruos
564 566 617 597 hic
640 565 806 606 quidemst
829 566 959 597 Tranio.

799 619 947 650 Tranio

1009 673 1035 705 Ο
1059 674 1316 715 Theopropides,

312 729 384 766 Ere,
409 728 508 759 salue.
555 726 687 758 Saluom
711 730 744 758 te
768 727 941 758 aduenisse
965 727 1100 767 gaudeo.

316 782 442 823 Usquin
467 781 623 812 ualuisti‘?

722 839 1034 881 Theopropides

652 893 770 933 Usque,
793 897 830 924 ut
852 893 954 925 uidos.

799 958 947 991 Tranio

990 1013 1124 1045 Factum
1149 1018 1289 1055 optume.
1384 1024 1436 1049 440

722 1072 1028 1113 Theopropides

313 1128 397 1166 Quid
421 1139 491 1165 uos,
516 1127 643 1158 insanin
669 1127 771 1158 estis?

800 1185 949 1217 Tranio
1029 1219 1035 1223 ,

819 1239 882 1277 Qui
907 1240 1005 1272 dum?

722 1299 1029 1340 Theopropides

1046 1353 1099 1384 Sic
1123 1354 1201 1394 quia.

314 1410 407 1443 Foris
431 1408 617 1440 ambulatis.
665 1408 768 1439 Natus
791 1417 887 1438 nemo
910 1407 942 1438 in
967 1407 1104 1438 aedibus

314 1452 441 1497 Sei-nat.
466 1472 572 1502 neque
596 1462 652 1502 qui
676 1461 825 1492 recludat
847 1461 961 1492 ostium
984 1471 1111 1499 usquam
1136 1461 1232 1493 adest.

314 1515 475 1547 Pultando
501 1526 603 1555 paene
627 1516 769 1555 confregi
793 1515 890 1546 hasce
913 1515 1028 1546 ambas
1050 1514 1139 1552 soris.

795 1574 948 1606 Tranio

314 1629 394 1667 Eho,
418 1639 458 1660 an
482 1631 517 1659 tu
541 1628 679 1668 tetigisti
704 1628 763 1659 has
787 1628 898 1660 aedis?

723 1687 1025 1728 Theopropides

949 1740 1015 1772 Cur
1038 1752 1101 1772 non
1126 1744 1316 1782 tangerem?
1386 1753 1436 1777 445

314 1796 399 1833 Quin
425 1795 595 1836 pultando,
619 1796 763 1836 inquam,
789 1805 889 1835 paene
914 1795 1057 1835 confregi
1083 1795 1170 1826 foris.

382 1915 432 1939 436
451 1923 498 1939 eus
517 1914 632 1946 hecquis
651 1914 776 1947 istaperit
794 1914 822 1939 in
842 1913 915 1939 sores
1025 1915 1076 1939 438
1094 1914 1275 1948 theuropides
1385 1917 1436 1942 439

316 1957 452 1988 Eroganue
529 1956 631 1981 saluem
653 1956 675 1981 (Ι
747 1958 798 1982 440
817 1956 910 1989 Usque
931 1956 1052 1982 inualisti
1131 1958 1181 1983 443
1201 1958 1326 1984 recludat
1346 1967 1435 1992 neque

315 1999 374 2031 quis
392 1999 562 2031 respoudeat
691 1999 740 2024 444
759 1998 896 2024 Pultando
916 1999 1034 2031 pedibus
1054 2008 1122 2032 pene
1249 2000 1436 2034 confrigiasce.

315 2041 410 2066 ambas
431 2041 453 2067 C
520 2042 588 2066 foris
607 2049 656 2067 om.
735 2042 785 2067 445
803 2041 844 2066 Eo
863 2045 927 2066 ante
947 2045 974 2066 te
1050 2042 1183 2074 tetigistis
1205 2042 1227 2067 0
1297 2044 1348 2069 446
1366 2052 1433 2069 con-

315 2082 385 2116 fregi
405 2082 440 2114 Β,
459 2083 578 2116 confrigi
600 2084 622 2109 Ο
