1596 2478
320 207 377 236 194
795 201 956 228 Cistellaria.

316 311 345 338 p.
372 301 432 328 352
462 304 488 327 ot
522 300 600 338 Epit.
631 310 659 337 p.
686 300 744 328 353
781 302 861 327 recte
895 298 982 326 scribi
1018 300 1099 335 puto.
1156 297 1239 332 Quod
1275 301 1373 325 autem
1408 298 1438 325 in

317 351 433 379 duobus
456 351 536 379 Festi
561 351 633 379 locis
656 350 711 378 hoc
735 351 763 378 in
788 345 890 387 Syr[a]
915 349 1013 377 Plauti
1039 349 1182 386 scriptum
1205 348 1329 383 dicitur,
1360 349 1438 386 apud

318 402 498 430 priscianum
529 403 557 429 iu
581 401 762 435 Cistellaria,
798 410 832 428 eo
861 401 957 428 miuus
987 399 1200 433 dubitandum,
1235 400 1306 437 quin
1337 399 1439 428 eadem

317 453 417 480 sabula
441 452 638 489 significetur,
669 453 822 489 quoniam,
854 455 888 480 ut
912 451 1053 481 vidimus.
1085 452 1190 480 Festus
1215 460 1242 487 p.
1269 452 1327 479 329
1353 451 1440 480 huius

316 514 419 532 versus
444 504 558 531 initium
582 513 646 531 cum
672 513 706 531 eo
730 503 834 540 iungit,
859 512 946 539 quein
972 513 1007 530 ex
1030 502 1197 531 Cistellaria
1221 502 1315 531 Varro
1338 503 1438 538 nffert;

315 565 342 583 v.
367 565 458 592 supra
480 565 508 592 p.
540 555 608 583 175.

402 605 473 633 Cum
494 616 519 633 v.
541 606 599 633 384
620 615 676 633 uon
696 605 769 633 nulli
789 605 918 633 editores
936 605 1152 633 coniunxerunt
1177 615 1308 633 versum:
1335 602 1439 634 Sera!-

318 655 372 691 Hw,
396 653 607 692 scrupipedaa
630 653 831 690 stritiiuillae,
853 653 1006 690 sordidae,
1032 665 1117 692 quein
1144 656 1236 683 Varro
1262 656 1294 684 L.
1320 657 1351 685 1..
1377 656 1439 691 Vll,

317 708 356 735 (55
385 706 528 742 „ibidem“
562 710 679 735 exstare
709 707 794 743 dicit,
831 707 944 735 Gellius
967 710 1063 735 autem
1087 706 1138 741 Ill,
1164 707 1191 742 3,
1217 707 1234 734 6
1257 706 1439 735 Nervolnriae

316 759 461 794 vindicat,
495 762 525 786 et
549 758 729 787 Favorinum
754 760 811 793 ait,
847 768 935 796 quum
959 768 1021 786 eam
1046 757 1174 785 fabulam
1199 758 1319 795 legeret,
1344 758 1439 787 deloc-

316 812 411 838 tatum
441 810 537 837 faceta
565 809 725 838 verborum
755 809 934 846 antiquitate
964 809 1151 837 meretricum
1183 808 1258 837 vitis
1280 812 1370 847 atque
1393 810 1439 838 de-

317 860 487 889 formitates
510 860 739 898 significantium
765 861 825 888 haec
849 860 971 888 dixisse:
999 859 1071 895 „Vel
1095 870 1169 888 unus
1192 859 1290 888 hercle
1308 860 1354 888 hic
1374 870 1438 888 ver-

316 922 365 940 sus
388 911 486 940 Plauti
519 922 581 940 esse
611 912 684 940 hauc
713 911 842 940 fabulam
873 912 946 939 satis
979 914 1078 949 potest
1110 910 1179 938 fidei
1214 910 1353 946 fecisse“;
1388 922 1439 940 nec

316 962 446 990 dubitari
480 965 596 1000 potest,
636 963 707 1000 quin
742 962 926 991 Nervulariae
960 961 1136 990 tribuendus
1171 962 1223 996 sit,
1266 972 1292 991 v.
1327 962 1439 991 Ritsch.

316 1014 436 1051 Parerg.
460 1024 488 1052 p.
514 1014 585 1042 474.
644 1013 702 1042 Sed
725 1014 797 1042 nihil
821 1014 934 1047 obstat,
966 1023 1024 1050 quo
1047 1014 1142 1041 miuus
1166 1023 1282 1041 versum
1308 1014 1366 1042 384
1391 1023 1439 1041 ex-

316 1066 408 1103 cipiat
431 1066 470 1099 is,
501 1074 588 1102 quem
619 1064 706 1093 affert
728 1064 840 1093 Nonius
864 1076 892 1103 p.
922 1065 993 1093 108:
1032 1063 1251 1099 ‚,Excissntum‚
1287 1064 1438 1098 laniatum,

315 1117 512 1144 vulneratum.
564 1116 689 1144 Plautus
713 1116 894 1144 Cistellaria:
930 1116 1037 1152 capillo
1060 1116 1152 1143 scisso
1177 1118 1266 1152 atque
1289 1116 1440 1144 excissatis

317 1166 476 1202 auribus“‚
513 1168 624 1205 quippe
654 1177 728 1204 quas
758 1168 836 1195 inter
865 1167 959 1195 rixam
990 1169 1138 1195 amatores
1167 1166 1242 1194 male
1266 1167 1440 1195 vexaverint

316 1219 437 1247 laniatis
461 1218 577 1256 capillis
600 1221 630 1246 et
653 1218 806 1246 inauribus
830 1218 956 1253 avulsis;
980 1215 1149 1246 eaescissare
1171 1217 1247 1245 euim
1273 1217 1439 1255 frequenta—

316 1270 409 1298 tivum
435 1271 480 1297 est
503 1269 702 1298 exscindendi.

403 1321 472 1348 386.
492 1317 791 1357 121t720isentscripsi3
815 1320 918 1349 Both:
940 1320 1123 1357 „purgitas“.
1164 1320 1209 1348 Ad
1229 1320 1350 1348 eandem
1370 1330 1439 1358 pro-

315 1371 492 1400 stibulorum
517 1372 744 1409 descriptionem
769 1371 829 1399 haec
852 1372 1000 1409 pertinere
1023 1375 1106 1399 ratus
1124 1381 1170 1399 vv.
1189 1372 1249 1399 387
1268 1381 1310 1408 sq.
1329 1370 1439 1399 addidi.

404 1423 463 1451 389
489 1422 575 1450 affert
599 1422 712 1450 Nonius
734 1433 762 1460 p.
789 1424 826 1450 (33
852 1432 909 1460 sq.:
944 1422 1177 1457 „Mustuleutum
1201 1425 1231 1450 et
1254 1422 1439 1450 uinulentum

316 1477 350 1501 ut
385 1474 572 1502 feculentum.
630 1473 754 1501 Plautus
783 1473 967 1502 Cistellaria:
1004 1483 1070 1501 nam
1159 1472 1299 1510 nttigit“;
1334 1476 1366 1501 ut
1402 1474 1442 1502 sit

317 1525 391 1553 odor
421 1525 510 1553 musti
539 1528 590 1553 aut
612 1527 709 1553 musto
733 1525 844 1553 oblitus
867 1535 900 1553 ac
923 1522 1062 1552 madens“
1089 1526 1118 1552 et
1140 1534 1169 1561 p.
1194 1525 1270 1553 415:
1309 1524 1440 1559 „Ventus

317 1577 405 1604 etiam
439 1574 588 1613 significat
618 1576 748 1604 odorem.
806 1576 927 1604 Plautus
957 1575 1140 1604 Cistellaria:
1176 1575 1223 1603 Ita
1251 1575 1440 1603 mustilentus

317 1630 422 1656 ventus
446 1628 526 1655 naris
549 1626 687 1663 obtigit&
745 1626 851 1655 Verior
881 1630 980 1655 autem
1010 1627 1073 1655 sine
1101 1626 1192 1655 dubio
1215 1636 1250 1654 ea
1273 1629 1317 1654 est
1339 1636 1440 1654 versus

316 1678 420 1713 forma,
445 1688 510 1715 quae
534 1679 633 1715 priore
656 1678 721 1706 loco
746 1677 876 1705 affertur.
925 1677 1009 1706 Hunc
1032 1687 1148 1706 versum
1168 1677 1286 1705 suerunt
1304 1678 1354 1714 qui
1374 1687 1438 1706 cum

318 1730 378 1757 263
403 1730 628 1766 coniungerent,
658 1731 742 1766 quasi
773 1728 808 1757 de
833 1728 923 1756 odore
947 1738 1028 1765 equae
1051 1738 1142 1757 senex
1166 1728 1354 1766 loqueretur3
1389 1728 1439 1757 sed

318 1780 372 1808 hoc.
396 1783 426 1808 et
449 1781 533 1808 metri
557 1790 666 1817 genere
689 1783 719 1808 et
742 1780 805 1818 ipso
835 1779 1027 1817 palimpsesto
1059 1779 1258 1816 redarguitur.
1315 1779 1391 1814 Quid
1415 1780 1439 1808 si

317 1832 393 1860 servi
424 1831 514 1859 verba
543 1831 603 1859 siut
630 1841 695 1859 cum
725 1830 844 1858 foetidis
875 1831 980 1858 scortis
1005 1830 1118 1859 dulcem
1142 1830 1294 1868 Gyinuasii
1317 1830 1438 1858 odorem

317 1881 539 1919 comparantis?
585 1882 677 1911 Totus
712 1891 815 1910 versus
849 1891 913 1909 eum
943 1882 1026 1910 Curc.
1057 1883 1095 1910 9⁶
1126 1882 1290 1919 comparari
1324 1884 1437 1919 potest;

317 1933 369 1960 sed
397 1933 434 1961 ad
464 1933 618 1970 proprium
651 1933 710 1961 vini
733 1932 852 1961 odorem
877 1931 1025 1969 quomodo
1049 1933 1078 1960 in
1102 1933 1156 1961 hac
1179 1932 1279 1961 sabula
1302 1932 1438 1968 referam,

318 1993 374 2012 nou
399 1984 524 2011 invenio.
550 1998 589 2002 —
615 1981 720 2020 affligi!
742 1993 870 2021 praesens
895 1983 1019 2017 videtur,
1044 1993 1070 2011 v.
1095 1983 1132 2011 ad
1156 1983 1260 2012 Bacch.
1286 1983 1356 2011 442.

404 2035 461 2062 391
489 2034 591 2062 eodem
614 2035 703 2063 modo
725 2035 839 2072 antiqui
864 2034 993 2062 editores
1017 2034 1203 2072 supplerunt.
1231 2049 1265 2053 —
1293 2035 1352 2062 392
1370 2044 1437 2072 sup-

318 2086 405 2123 plevi.
428 2100 463 2104 -
492 2086 560 2114 394.
583 2092 693 2113 renoco
716 2085 786 2114 olim
811 2085 1008 2113 emendatum.
1032 2100 1067 2104 —
1095 2086 1164 2113 395.
1189 2081 1340 2114 conlocere
1359 2085 1438 2113 Cam.

321 2151 356 2155 —
383 2136 452 2165 396.
485 2133 598 2164 talenta
620 2143 746 2173 mayna,
777 2146 803 2165 v.
828 2136 863 2164 ad
889 2137 955 2165 Aul.
981 2137 1051 2165 301.
1096 2133 1220 2173 uiyinti,
1245 2137 1346 2173 ingens
1369 2146 1438 2165 sane
