1596 2478
146 188 177 218 V,
196 189 221 221 2,
241 187 339 214 60—71
616 187 796 213 Menaechmi.
1194 188 1255 217 215

560 281 840 312 Menaechmus

145 336 297 375 Quisquis
315 346 357 368 es.
376 335 533 374 quidquid
553 335 612 366 tibi
634 346 748 366 nomen
767 339 825 368 cst,
847 346 953 371 senex,
974 344 1134 365 summum
1148 334 1256 365 Iouem

147 391 291 429 Deosque
317 389 358 420 do
382 390 475 420 testis

634 447 762 479 Senem

455 502 525 540 Qua
548 502 587 533 de
610 512 644 533 re
667 506 725 532 aut
748 503 865 542 quoius
890 503 935 533 rei
959 513 1067 534 rerum
1092 503 1259 534 omnium?

561 579 834 610 Menaechmus

142 634 192 665 Me
216 644 321 674 neque
346 634 400 664 isti
425 634 508 665 male
531 633 646 664 fecisse
671 633 806 670 mulieri,
830 643 913 673 quae
939 643 987 664 me
1012 634 1119 673 arguit
1208 642 1256 667 801

143 688 232 719 Hanc
256 687 350 718 domo
374 687 415 718 ab
439 699 472 718 se
496 687 713 727 surrupuisse,
737 686 757 725 †
781 686 954 718 abstulisse
979 691 1077 727 atque
1102 687 1235 719 deierat.

143 743 176 773 Si
199 752 258 781 ego
282 742 369 772 iutra
391 742 481 773 aedis
506 742 600 773 huius
624 751 791 782 umquam,
822 741 876 772 ubi
906 741 1052 778 habitat,
1086 742 1256 782 penetraui

846 795 968 834 pedem,

142 849 291 880 Omnium
316 850 484 881 hominum
509 854 627 890 exopto
652 853 688 880 ut
710 849 786 880 fiam
810 850 1005 881 miserorum
1035 850 1256 881 miserrumus.

634 925 763 958 Senex

142 982 251 1012 Sanun
268 991 311 1018 eS‚
331 981 386 1021 qui
403 981 488 1012 istuc
506 985 640 1021 exoptes
660 985 717 1012 aut
735 990 831 1020 neges
849 983 881 1011 te
900 991 1054 1021 umquam
1073 980 1187 1021 pedem
1206 989 1256 1014 805

141 1034 176 1065 In
201 1046 256 1066 eas
279 1035 369 1066 aedis
391 1034 547 1072 intulisse,
572 1035 627 1066 ubi
650 1035 789 1071 habitas,
814 1034 1056 1065 insanissume‘?

557 1111 838 1143 Menaechmus

138 1164 219 1203 Tun,
243 1176 349 1205 senex,
374 1166 421 1197 ais
444 1165 595 1198 habitare
619 1166 691 1197 med
715 1166 748 1196 in
770 1165 874 1197 illisce
897 1165 1059 1197 aedibus?

633 1242 761 1274 Senex

139 1295 187 1328 Tu
211 1307 310 1336 negas
318 1297 334 1327 ⁴?

556 1364 587 1395 M
596 1375 639 1395 en
650 1375 669 1395 a
678 1364 745 1396 ech
754 1375 784 1395 m
793 1376 836 1396 us

333 1419 422 1458 Nego
446 1418 555 1450 hercle
579 1430 666 1450 uero.

629 1495 762 1527 Senex

682 1550 783 1581 Immo
808 1550 915 1581 hercle
938 1555 974 1581 tu
997 1554 1119 1582 temere
1143 1561 1252 1591 negas,

137 1604 206 1635 Nisi
229 1614 293 1644 quo
317 1608 412 1635 nocte
436 1604 496 1635 hac
519 1605 692 1644 emigrasti.
739 1603 887 1635 Concede
911 1604 983 1642 huc,
1006 1614 1074 1635 mea
1096 1604 1173 1636 filia.

138 1658 222 1696 Quid
246 1662 280 1689 tu
305 1659 375 1690 ais?
398 1669 475 1689 num
499 1658 574 1690 hinc
598 1658 804 1698 emigrastis‘?

603 1744 790 1775 Matrona

352 1797 452 1835 Quem
475 1798 507 1829 in
531 1798 636 1830 locum
661 1802 717 1829 aut
740 1808 834 1838 quam
857 1798 897 1829 ob
921 1808 998 1835 rem,
1022 1797 1184 1829 obsecro?
1202 1807 1253 1832 810

202 1917 254 1943 800
272 1916 395 1943 detestes
414 1925 468 1950 qua
520 1918 568 1943 801
587 1916 648 1943 ΜΕ.
669 1925 718 1943 om.
800 1917 889 1942 arruit
908 1916 929 1942 Ο
988 1917 1038 1942 802
1058 1917 1131 1943 dono
1149 1916 1177 1942 B

136 1960 248 1986 delurat.
308 1961 357 1986 803
375 1959 453 1985 hedis
510 1959 609 1992 pedem
628 1968 676 1986 om.
739 1961 788 1986 305
807 1968 857 1985 nec
876 1963 920 1985 est
939 1968 1068 1992 umquam
1087 1959 1121 1992 B,
1142 1968 1192 1985 nec
1211 1963 1254 1986 eet

136 2010 282 2036 eumquam
303 2002 324 2028 Ο
390 2002 441 2028 806
460 2002 558 2027 intulis
624 2003 675 2028 807
694 2003 772 2028 Tune
840 2003 877 2027 ait
942 2011 985 2028 me
1005 2002 1033 2027 in
1051 2001 1087 2034 B,
1106 2002 1213 2028 metdin
1234 2002 1256 2029 Ο

135 2046 186 2071 808
204 2054 273 2078 neq3
298 2045 390 2071 hercle
413 2044 435 2071 G
484 2044 547 2070 MA.
568 2045 644 2071 inmo
662 2045 690 2071 Β
742 2045 793 2071 hee
812 2045 924 2071 eludere
977 2048 1061 2077 neget
1081 2044 1103 2071 G
1151 2046 1201 2071 809
1220 2054 1252 2071 ae

136 2088 263 2120 migrasti
317 2096 404 2114 conce
416 2087 439 2114 0
488 2087 542 2114 hac
594 2096 655 2113 mea
673 2095 723 2114 om.
785 2088 837 2114 810
855 2088 913 2120 agis
932 2096 990 2113 non
1044 2088 1206 2122 emigrasti
1215 2087 1252 2119 B,

136 2130 286 2164 exaigrasti
307 2130 328 2157 C
395 2130 456 2156 MA.
476 2138 527 2157 om.
598 2139 678 2164 quam
697 2138 746 2157 om.
766 2130 793 2163 0,
813 2139 894 2164 quam
914 2131 949 2157 ob
968 2138 1018 2157 om.
1036 2129 1065 2156 B
