1596 2478
133 190 182 223 111,
204 192 224 223 1,
246 189 378 216 130—142
600 188 777 214 Mostellaria.
1191 193 1248 221 113

540 282 842 324 Theopropides

134 339 205 377 Qua
228 339 258 369 in
283 338 413 377 regione
437 337 517 368 istas
541 336 632 367 aedis
657 337 735 368 emit
758 337 865 368 filius?

609 412 760 444 Tranio

133 469 214 500 Ecce
239 472 346 500 autem
372 468 461 508 perii.

539 537 843 579 Theopropides

508 593 638 624 Dicisne
662 592 723 624 hoc
747 592 834 634 quod
858 596 889 624 te
914 594 1015 634 rogo?

616 669 763 700 Tranio

132 726 261 763 Dicam;
284 725 340 756 sed
364 734 480 755 nomen
503 723 624 755 domini
648 734 771 764 quaero
796 723 875 764 quid
899 724 968 755 siet.

538 799 842 841 Theopropides

132 856 198 896 Age
222 856 453 887 conminiscere
477 865 561 896 ergo.

616 925 641 957 T
650 937 666 956 r
674 937 693 957 a
701 937 719 957 n
728 926 763 957 io

603 979 685 1017 Quid
711 991 770 1020 ego
794 991 879 1012 nunc
902 991 1004 1021 agam,
1197 990 1248 1015 650

131 1036 199 1066 Nisi
223 1039 258 1067 ut
281 1036 312 1066 in
337 1036 479 1066 uicinum
502 1034 588 1066 huuc
614 1046 804 1074 proxumum
830 1044 893 1065 rem
916 1033 1092 1072 conferam?

133 1090 195 1122 Eas
219 1091 335 1121 emisse
361 1090 450 1120 aedis
474 1089 570 1120 huius
595 1089 699 1120 dicam
723 1089 833 1120 filium.

130 1143 279 1175 Calidum
303 1144 409 1175 hercle
433 1143 545 1174 audiui
570 1153 641 1174 esse
665 1147 832 1183 optumum
858 1143 1070 1174 mendacium.

132 1198 295 1239 Quidquid
321 1198 393 1229 dein
418 1198 483 1236 fiet,
506 1197 539 1228 id
563 1197 727 1228 decretum
752 1201 800 1228 est
823 1197 940 1228 dicere.

539 1274 848 1315 Theopropides

132 1329 216 1367 Quid
241 1330 360 1369 igitur?
385 1330 450 1360 iam
474 1329 696 1360 conmentu's‘?

616 1406 761 1437 Tranio

744 1460 782 1491 Di
805 1460 901 1491 istum
926 1460 1094 1500 perduint!
1199 1468 1249 1493 655

133 1516 232 1546 Immo
257 1516 363 1546 istunc
386 1515 502 1555 potius.
550 1514 596 1545 De
619 1515 727 1545 uicino
752 1515 813 1545 hoc
837 1525 994 1555 proxumo

131 1568 220 1600 Tuus
243 1570 322 1600 emit
345 1569 433 1600 aedis
457 1568 552 1600 filius.
586 1602 590 1604 v

538 1639 842 1679 Theopropides

602 1694 715 1725 Bonan
738 1693 823 1724 fide?

610 1779 762 1810 Tranio

131 1834 163 1865 Si
188 1834 317 1875 quidem
341 1838 376 1865 tu
400 1837 570 1873 argentum
593 1832 803 1869 reddituru's,
828 1836 895 1863 tum
920 1833 1021 1870 bona3

132 1888 164 1919 Si
188 1888 375 1920 redditurus
399 1898 462 1919 non
486 1898 529 1925 es,
554 1897 618 1918 non
642 1888 721 1917 emit,
746 1887 839 1918 bona.

198 2009 249 2033 640
267 2008 336 2033 sciet.
422 2008 470 2032 651
493 2007 629 2032 uitiuuum
650 2005 677 2032 B
765 2007 919 2039 proximum
941 2005 1110 2032 mendatium
1198 2006 1249 2031 654

131 2050 268 2084 Quidquid
289 2050 332 2076 dei
353 2050 448 2076 dicunt
543 2052 650 2075 rectum
671 2051 711 2074 est
730 2048 756 2074 Β
855 2050 906 2074 655
925 2051 1097 2074 commenssus
1194 2047 1247 2073 diis

131 2096 206 2118 tuum
226 2092 259 2125 B,
279 2093 403 2118 Deistum
424 2092 445 2118 C
500 2092 550 2117 656
569 2092 640 2116 istuc
693 2092 743 2117 658
763 2092 791 2117 Si
811 2091 922 2124 quidem
941 2100 969 2117 es
989 2094 1136 2124 argentum
1155 2091 1246 2116 reddi-

131 2140 209 2161 turus
229 2135 278 2161 BC
345 2136 395 2161 659
414 2144 442 2161 es
462 2135 530 2160 emit.
548 2134 574 2159 Β

1028 2189 1044 2214 8
