1561 2473
586 176 616 202 V.
635 177 777 203 513—557.
1177 182 1239 211 41⁷

120 271 191 301 538.
221 286 260 292 —
291 273 361 301 535.
397 272 465 301 Haec
494 282 590 302 secum
614 273 826 309 Menaechmus,
858 276 892 302 ut
914 283 972 302 non
996 273 1098 303 audiat
1121 276 1236 305 ancilla.

119 323 267 361 quantum
285 321 392 362 possit
414 323 458 352 ed.
484 335 538 363 pin,
563 326 572 353 i
591 335 615 354 e.
635 335 722 362 quam
746 326 882 363 primum,
907 325 944 354 cf.
963 325 999 353 ad
1019 326 1090 355 424.
1126 325 1240 365 quique

118 372 239 411 liceant,
264 376 283 403 i.
297 385 321 404 e.
344 378 373 402 et
397 385 455 412 quo
479 376 576 413 pretio
600 377 699 404 venire
723 378 847 414 possint,
875 378 918 404 ιυῦ
941 377 1072 413 εὑρόντος,
1097 382 1130 406 ut
1155 380 1239 407 aiunt

119 426 223 462 Groeci,
249 427 284 455 cf.
298 426 374 455 infra
390 428 480 455 1137.
527 427 647 456 Hui-tuli
672 428 775 466 fragm.
797 438 842 466 ap.
865 428 984 456 Festum
1004 439 1032 467 p.
1053 429 1123 458 306.
1158 429 1238 460 Pers.

120 479 189 508 587.
212 479 290 515 660,;
319 478 387 516 „qui
410 478 508 514 datur,
533 480 608 507 tanti
632 478 759 507 indica“.
780 495 821 499 —
840 481 910 510 537.
934 487 982 508 me
1004 478 1129 518 quidem
1151 482 1238 511 Both,

118 542 172 560 em.
187 546 228 550 —
247 531 317 560 539.
343 527 477 558 lenoniis
495 530 561 558 edd.
575 545 616 549 —
637 531 706 559 540.
729 528 780 566 fer
795 530 918 568 pedem,
943 533 978 561 cs.
992 532 1080 569 Verg.
1093 532 1201 572 Georg.
1214 534 1237 570 1,

121 584 168 612 11.
198 582 235 611 al.
270 596 311 601 -
349 581 500 617 „conferre
535 580 677 619 grndum“
714 586 759 610 est
793 584 947 620 congredi,
983 595 1009 612 v.
1040 584 1130 613 Mero.
1167 586 1238 614 870.

118 634 226 663 Pseud.
253 635 328 668 711;
346 629 460 670 profer
482 631 688 662 scribendum“
715 637 768 670 est,
791 639 823 662 ut
847 635 922 662 vidit
941 635 1069 672 Langen.
1088 637 1117 664 in
1131 636 1237 666 Philol.

118 685 246 714 XXXIII
270 695 298 723 p.
325 686 394 721 710,
420 684 456 713 cf.
480 685 558 713 iufra
582 686 652 714 742.
677 701 718 705 —-
743 687 812 714 541.
837 683 915 715 hanc
938 688 1060 715 accessit
1083 698 1118 716 ex
1142 688 1238 718 Nonio

117 748 147 776 p.
175 738 243 766 519.
268 751 308 756 ——
341 737 410 764 542.
448 733 501 772 Ut,
531 733 562 765 si
585 737 752 774 sequentur
773 745 836 772 me,
865 735 922 766 hac
943 734 1045 766 abisse
1068 740 1154 767 idem.
1208 740 1239 768 Si

117 791 217 818 verior
251 792 295 816 est
329 787 535 816 Plautiuorum
571 788 655 817 codd.
687 789 850 826 scriptura,
885 789 919 817 ut
952 799 1016 817 cum
1051 791 1239 820 antecedenti

74 873 78 876 ι
118 850 204 869 versu
228 839 408 876 iungendum
432 843 486 875 est,
510 843 544 868 ut
569 840 628 868 579
652 840 686 868 A.
731 839 780 868 Br.
806 840 930 868 mavult:
963 840 1012 876 „Si
1036 842 1086 878 qui
1110 852 1236 880 sequan-

118 895 183 924 tur,
219 891 273 920 hnc
297 901 342 919 me
365 891 463 919 abisse
486 894 521 919 ut
544 889 712 919 censeant“.
748 906 788 910 —
824 893 894 920 544.
929 889 978 920 hic
1007 892 1107 921 addidi
1137 904 1239 922 versus

119 953 216 972 causa.
263 943 296 971 R.
321 952 385 971 cum
409 942 560 971 Bentleio:
588 953 643 979 „ex
665 953 712 972 me
735 944 792 971 iam
816 941 921 972 sciat“.

205 995 274 1023 545.
299 994 472 1023 Adveniunt
494 1004 569 1023 uxor
592 994 765 1022 Menaechmi
789 991 826 1031 (1)
851 998 881 1023 et
903 995 1066 1032 parasituS‚
1096 998 1147 1034 qui
1176 1007 1238 1026 eam

118 1047 280 1075 arcessivit.
326 1047 359 1074 In
389 1046 479 1075 titulo
508 1056 572 1074 cum
602 1045 637 1074 R.
661 1043 811 1074 Matrona
839 1047 958 1084 scripsi,
993 1047 1072 1084 quod
1104 1037 1193 1077 hebet
1216 1049 1239 1076 B

118 1098 147 1126 in
171 1098 259 1126 titulo
283 1109 309 1126 v.
336 1099 406 1127 689.
436 1113 477 1118 -
506 1105 554 1125 me
569 1095 680 1133 patiar
701 1104 768 1126 esse.
790 1096 823 1125 in
847 1097 925 1126 Cam.
951 1108 1005 1126 em.
1036 1113 1075 1118 —
1109 1101 1178 1128 547.
1208 1097 1242 1128 id

117 1149 195 1177 idem
219 1149 344 1178 addidit.
395 1149 429 1178 R.
457 1148 572 1185 „hinc“.
603 1164 644 1168 -—
676 1145 815 1185 Quinta
840 1148 940 1178 taces?
976 1149 1010 1178 cf.
1039 1151 1128 1179 1094.
1175 1151 1238 1179 Cla-

115 1211 197 1229 more
221 1203 250 1229 ct
272 1200 424 1236 tragoediis
448 1211 505 1230 nou
530 1210 603 1239 opus
623 1211 685 1229 esse
704 1201 785 1229 dicit.
802 1216 840 1220 —
857 1202 926 1230 548.
951 1197 1127 1237 manifesto,
1153 1202 1188 1231 cf.
1203 1203 1240 1232 ad

116 1252 223 1290 Amph.
242 1253 331 1281 1045.
345 1267 384 1271 -—
400 1253 469 1281 549.
494 1259 563 1281 cum
587 1259 707 1286 corona,
732 1262 871 1281 coronam
891 1262 1005 1288 gerens,
1032 1254 1067 1282 cf.
1082 1255 1152 1282 452.
1169 1255 1238 1283 620.

117 1303 207 1332 Stich.
231 1304 300 1332 351.
336 1303 411 1332 Rud.
433 1305 502 1332 250.
528 1318 568 1323 —-
592 1305 669 1332 Ante
692 1300 794 1332 ebrius
816 1304 925 1339 hiatur,
950 1315 976 1332 v.
997 1305 1067 1333 464.
1093 1305 1126 1333 R.
1154 1304 1237 1339 ..hic“

117 1355 210 1383 addit.
235 1369 275 1374 —
306 1357 376 1384 551.
406 1362 568 1390 coronam,
598 1365 685 1393 quam
711 1355 859 1384 abiecerat
883 1365 908 1383 v.
936 1356 1005 1384 541.
1052 1355 1125 1385 Post
1148 1365 1241 1395 quam

117 1407 225 1435 hiatur.
261 1407 294 1435 R.
311 1406 486 1443 „numnam“
502 1407 547 1436 ed.
563 1422 602 1426 —
622 1408 692 1436 553.
717 1406 789 1435 Post
812 1414 914 1435 eccum
937 1406 1035 1435 hiatus
1058 1407 1087 1435 in
1111 1417 1239 1444 caesum3

117 1457 151 1486 R.
168 1456 262 1494 „hue“
277 1458 368 1494 addit,
393 1458 527 1487 Mueller.
544 1458 658 1496 „ipse“.
704 1458 858 1486 Parasitus
879 1458 1002 1486 alterum
1018 1458 1239 1495 Meuaechmum,

116 1520 201 1538 suum
231 1510 390 1545 dominum,
427 1511 572 1548 conspicit
606 1510 812 1539 advenientem
848 1509 1031 1547 eundemque
1066 1520 1128 1539 esse
1163 1511 1238 1540 arbi-

117 1564 225 1597 tratur,
249 1562 300 1600 qui
313 1571 407 1599 nuper
419 1562 535 1590 abierit.
549 1577 591 1580 —
605 1563 674 1590 555.
699 1558 778 1589 male
789 1558 911 1596 habeas,
937 1561 1101 1590 maledictis
1121 1562 1238 1592 obruas.

116 1627 157 1632 -
181 1609 233 1642 Sic
256 1620 362 1642 censeo
386 1614 501 1641 mulieri
525 1614 590 1642 edd.
617 1613 697 1642 dant.
724 1628 760 1632 —
793 1615 853 1642 556
878 1613 963 1642 affert
986 1613 1099 1643 Nouius
1122 1625 1150 1652 p.
1177 1615 1238 1643 467

115 1674 169 1702 pro
193 1661 252 1694 huc
277 1663 346 1701 ‚‚ut“
373 1665 512 1694 scribens.

203 1718 273 1746 557.
309 1716 504 1754 soliloquium
529 1717 701 1746 Menaechmi
730 1718 876 1745 canticum
906 1720 950 1745 est
974 1717 1089 1745 creticis
1113 1718 1238 1746 maxime

117 1769 248 1796 numeris
272 1770 474 1807 compositum.
527 1769 571 1797 Ab
596 1770 680 1797 initio
704 1778 796 1805 usque
820 1768 855 1796 ad
882 1770 940 1796 565
966 1768 1079 1797 bacchii
1103 1770 1237 1798 continu-

117 1824 204 1849 antur
228 1831 285 1849 uno
309 1823 484 1857 systemate,
519 1830 545 1848 v.
572 1820 703 1849 Studem.
729 1819 840 1848 Cautio.
866 1830 896 1857 p.
921 1821 971 1854 84,
1006 1820 1066 1854 Biz,
1102 1820 1238 1858 Spengel.

118 1871 265 1900 Reformv.
283 1883 312 1910 p.
328 1873 397 1900 247.
445 1872 553 1900 Versus
577 1872 726 1909 quomodo
750 1871 960 1906 discribuntur,
984 1872 1105 1909 paulum
1130 1872 1222 1900 refert

118 1933 182 1950 cum
206 1923 229 1951 B
252 1925 400 1951 consentit
423 1924 461 1958 A,
494 1925 549 1952 nisi
578 1923 657 1961 quod
682 1923 704 1951 B
730 1934 755 1952 v.
782 1924 840 1951 563
866 1933 931 1951 cum
962 1923 1147 1951 antecedenti
1171 1933 1238 1951 con-

119 1976 222 2012 iungit.
281 1975 339 2004 566
363 1977 536 2003 tetrameter
565 1976 703 2009 creticus.
740 1976 785 2002 cui
815 1974 988 2011 adiungitur
1019 1975 1077 2002 567
1107 1974 1239 2002 clausula

119 2027 280 2064 composita
303 2036 339 2054 ex
356 2026 507 2055 trochaico
525 2027 738 2064 semiquinario
757 2030 786 2053 et
805 2027 924 2054 cretico.
962 2026 1106 2054 568—69
1126 2025 1238 2054 bacchii

118 2078 256 2106 continui.
303 2078 361 2107 570
386 2077 529 2106 iambicus
553 2078 690 2106 dimeter.
734 2078 790 2106 571
816 2080 934 2105 tetram.
955 2076 1135 2105 bacchiacus.
1179 2077 1237 2105 572

118 2129 288 2157 octonarius
302 2129 453 2157 iambicus.
479 2125 553 2167 [573
568 2130 655 2158 iamb.
670 2129 812 2158 senarius
839 2129 898 2157 574
911 2131 1028 2156 tetram.
1039 2124 1237 2164 bacchiacus]

1002 2186 1034 2210 27
