1596 2478
138 173 173 204 ΙΙ,
196 175 216 205 1,
235 173 320 198 8-18
610 170 790 197 Mostellaria.
1219 169 1258 198 89

137 267 265 298 Occidit
288 276 362 305 spes
387 269 513 303 nostra3
538 275 697 306 nusquam
722 263 888 295 stabulum
912 266 961 294 est
984 262 1210 293 confidentiae.

139 320 205 351 Nec
229 319 316 351 salus
340 319 433 351 nobis
458 319 554 350 saluti
580 319 643 350 iam
669 328 751 353 esse,
776 318 803 349 si
827 317 949 357 cupiat,
973 318 1097 356 potest3

139 374 188 405 lta
213 373 287 404 mali
314 374 470 404 maeroris
496 376 636 404 montem
660 381 846 403 maxumum
871 371 911 402 ad
936 374 1065 411 portum
1090 369 1186 400 modo

141 427 355 468 Conspicatus
379 438 466 458 sum:
490 437 564 458 erus
589 425 723 457 aduenit
749 435 896 465 percgre3
923 425 1020 465 periit
1042 424 1171 455 Tranio.
1213 432 1262 456 345

140 481 260 521 Ecquis
279 480 374 512 homo
393 484 450 518 est,
475 481 529 521 qui
549 480 656 511 facere
677 479 804 518 argenti
824 479 935 519 cupiat
955 478 1156 518 aliquantum
1170 477 1263 515 lucri,

141 535 201 572 Qui
226 534 323 566 hodie
347 545 419 565 sese
444 534 624 565 excruciari
649 543 752 564 meam
779 533 876 563 uicem
899 533 1004 572 possit
1029 531 1118 572 pati?

141 588 204 620 Ubi
229 592 306 620 sunt
330 589 384 620 isti
409 587 642 629 plagipatidae,
667 586 891 617 ferritribaces
916 586 988 623 uiri,

142 642 199 674 Uel
215 643 278 679 isti,
292 643 346 682 qui
360 642 505 674 host-icas
518 642 615 673 trium
629 651 795 671 nummum
815 650 913 671 causa
932 639 1072 670 subeunt
1090 638 1151 670 sub
1171 638 1263 675 falas,

142 695 204 727 Ubi
228 696 328 736 aliqui
347 696 366 735 †
385 697 507 737 quique
532 695 623 727 denis
648 694 752 726 hastis
777 704 895 733 corpus
914 692 1062 733 transfigi
1087 692 1195 723 solet?
1215 701 1266 726 350

142 750 210 790 Ego
235 750 318 782 dabo
343 751 371 782 ei
396 750 566 786 talentum,
591 749 714 789 primus
739 748 794 788 qui
818 748 851 778 in
876 757 1006 778 crucem
1026 747 1265 784 excucurrerit3

141 803 204 836 Sed
228 815 267 836 ea
290 804 370 844 lege,
394 808 429 835 ut
453 803 631 843 offigantur
654 802 704 833 bis
729 801 837 842 pedes,
862 801 913 832 bis
938 800 1090 838 brachia3

144 857 205 889 Ubi
229 858 262 889 id
286 858 349 889 erit
372 858 503 891 factum,
529 868 548 889 a
573 868 622 887 me
647 861 818 896 argentum
842 856 946 896 petito
971 854 1239 895 praesentarium.

144 912 207 943 Sed
232 922 290 952 ego
315 922 426 943 sumne
450 911 571 948 infelix,
595 911 649 951 qui
674 920 736 941 non
761 920 857 941 curro
882 908 1045 940 curriculo
1071 908 1225 939 domum?

569 980 835 1012 Philolaches

143 1037 242 1077 Euye,
267 1036 362 1068 adest
385 1037 573 1077 opsonium;
597 1045 709 1067 eccum
733 1034 853 1066 Tranio
878 1044 897 1065 a
922 1036 1019 1074 portu
1043 1033 1138 1064 redit.
1217 1040 1268 1065 355

632 1106 779 1138 Tranio

145 1162 358 1194 Philolaches.

573 1219 838 1251 Philolaches

332 1275 416 1313 Quid
441 1275 513 1307 est?

635 1341 783 1373 Tranio

496 1397 543 1429 Et
564 1407 622 1440 qgo
647 1399 680 1428 et
702 1399 738 1428 tu

575 1467 840 1499 Philolaches

757 1520 843 1558 Quid
867 1524 899 1551 et
923 1529 982 1559 ego
1006 1522 1038 1550 et
1061 1519 1118 1550 tu‘?

637 1584 784 1615 Tranio

1104 1634 1271 1666 Periimus.

581 1691 843 1723 Philolaches

152 1748 236 1786 Quid
260 1748 327 1780 ita?

635 1799 787 1831 Tranio

306 1855 404 1887 Pater
427 1855 529 1887 adest.

221 1985 271 2009 342
291 1986 334 2009 est
353 1983 491 2009 stabulum
513 1984 556 2007 est
574 1981 600 2007 Β
698 1982 747 2006 344
766 1980 839 2005 Imm
860 1979 939 2004 aliam
960 1978 1046 2004 eroris
1068 1977 1101 2009 B,
1122 1978 1191 2002 Itam
1212 1977 1276 2002 alim

154 2027 256 2052 erroris
277 2028 298 2052 C
376 2034 490 2058 porcum
513 2024 534 2051 C
618 2025 667 2049 347
688 2023 806 2048 meamui
826 2021 860 2052 Β,
880 2031 922 2047 me
943 2021 1035 2046 amuio
1056 2019 1078 2045 C
1163 2020 1212 2045 349
1231 2019 1277 2052 qui

154 2070 240 2095 hastis
260 2069 344 2094 trium
363 2076 538 2094 nummorum
592 2066 662 2092 falsa
715 2066 765 2091 350
785 2064 835 2091 Uel
851 2064 878 2090 B
931 2065 980 2090 354
999 2072 1097 2089 sumne
1116 2062 1161 2088 ille
1180 2061 1278 2088 infelix

153 2112 204 2137 355
222 2111 300 2144 Euge
320 2119 369 2137 om.
443 2110 518 2136 aedit
588 2110 638 2135 356
657 2108 695 2134 Et
713 2116 762 2134 om.
835 2107 956 2140 perimus
1025 2106 1075 2131 357
1095 2105 1206 2131 adatest
