1596 2478
281 176 342 206 232
803 175 893 203 Plauti
1224 175 1257 210 V,
1274 177 1298 208 9,
1316 177 1398 203 8—11

743 270 942 302 Messenio

280 323 343 356 Pro
368 324 400 356 di
423 324 625 363 inmortales,
648 323 726 365 quid
749 334 808 364 ego
831 323 950 356 uideo?

669 394 952 428 Menaechmus
975 395 1011 428 II

916 448 1000 488 Quid
1024 449 1138 482 uides?

740 509 771 541 M
780 519 796 542 e
805 520 843 542 ss
853 509 916 542 eni
925 520 944 541 o

1101 563 1275 604 Speculum
1298 568 1399 596 tuum.

672 622 953 655 Menaechmus
976 622 1011 654 II

283 675 366 714 Quid
391 677 500 718 negoti
523 677 597 709 est?

737 736 769 768 M
779 746 796 768 e
805 737 938 768 ssenio

528 790 597 823 Tua
620 794 670 823 est
692 791 815 830 imag03
841 793 909 822 tam
934 790 1135 828 consimilist‚
1159 801 1255 832 quam
1281 794 1400 832 potest.

669 861 952 893 Menaechmus
976 861 1012 892 II

282 915 341 948 Pol
359 915 507 958 profecto
526 915 614 948 haud
632 919 682 948 est
696 915 873 955 dissimilis,
887 925 992 948 meam
1006 926 1103 957 quom
1117 915 1251 948 formam
1264 917 1399 949 noscito.

681 987 712 1019 M
721 997 738 1018 e
747 997 766 1018 n
775 996 795 1018 a
803 997 820 1019 e
828 997 845 1018 c
853 986 874 1018 h
882 997 912 1018 m
920 997 940 1018 u
949 997 964 1019 s
988 986 1003 1018 I

284 1040 310 1073 Ο
335 1041 536 1080 adulescens,
560 1040 659 1079 salue,
683 1041 738 1082 qui
763 1051 812 1072 me
837 1041 1025 1080 seruauisti,
1049 1041 1196 1082 quisquis
1220 1051 1263 1074 es.
1337 1051 1403 1076 1045

742 1111 940 1144 Messenio

281 1165 490 1206 Adulescens,
514 1176 639 1208 quaeso
662 1165 772 1198 hercle
796 1165 947 1207 eloquere
970 1170 1063 1207 tuum
1088 1166 1165 1198 mihi
1188 1176 1316 1205 nomen,
1338 1166 1399 1199 nisi

995 1221 1095 1261 piget.

680 1279 963 1311 Menaechmus
986 1279 1000 1311 1

281 1334 352 1366 Non
377 1333 494 1375 edepol
518 1334 566 1365 ita
588 1333 799 1374 promeruisti
823 1333 861 1365 de
886 1344 945 1371 me⁷
975 1338 1012 1365 ut,
1036 1334 1155 1374 pigeat,
1180 1344 1264 1375 quae
1287 1334 1378 1373 uelis,

283 1387 430 1429 obsequi.
475 1387 555 1420 Mihi
580 1391 630 1419 est,
652 1387 864 1419 Menaechmo
887 1398 1014 1419 nomen.

669 1457 952 1490 Menaechmus
975 1458 1011 1489 II

1049 1512 1150 1544 Immo
1174 1512 1288 1554 edepol
1312 1512 1397 1544 mihi

679 1571 711 1604 M
721 1582 737 1603 e
746 1582 766 1603 n
776 1582 794 1603 a
803 1582 819 1603 e
829 1582 845 1604 c
853 1571 873 1604 h
881 1583 938 1604 mu
948 1583 962 1604 s
985 1572 998 1603 I

281 1625 412 1659 Siculus
436 1637 506 1658 sum
531 1625 762 1667 Syracusanus.

666 1697 952 1729 Menaechmus
977 1697 1012 1728 11

813 1750 937 1783 Eadem
962 1750 1014 1792 pol
1039 1751 1148 1791 patria
1171 1754 1219 1782 est
1244 1750 1330 1782 mihi.

675 1818 963 1851 Menaechmus
987 1819 1000 1850 I

281 1872 366 1910 Quid
391 1883 449 1913 ego
473 1884 511 1904 ex
535 1877 567 1905 te
591 1873 713 1905 audio?

349 1992 414 2017 1043
433 1993 520 2018 tumst
540 1990 575 2025 B,
594 1994 652 2018 tum
672 1994 714 2018 est
733 1991 755 2018 0
823 1991 940 2017 consilia
959 1995 999 2017 est
1073 1992 1138 2017 1044
1157 1999 1218 2017 mea
1239 1990 1261 2018 C
1317 1998 1398 2024 quam

348 2042 398 2060 uos
419 2034 490 2060 scito
508 2033 536 2060 Β
591 2035 656 2061 1045
675 2034 791 2060 seruasti
812 2033 834 2061 C
892 2034 955 2059 1046
975 2034 1036 2067 quis
1055 2033 1127 2060 erola
1147 2033 1169 2060 G
1219 2033 1331 2066 loquere

279 2076 358 2110 piger
375 2075 410 2108 B,
431 2077 492 2110 pier
511 2076 532 2103 C
603 2078 668 2103 1047
686 2076 749 2103 Non
768 2085 812 2102 me
830 2076 912 2110 depol
933 2076 964 2109 B,
983 2075 1046 2103 Non
1064 2084 1107 2102 me
1127 2075 1224 2110 edepol
1243 2074 1266 2103 C
1334 2076 1400 2102 1048

279 2117 401 2152 Obsequi
421 2126 471 2145 om.
543 2120 609 2145 1049
628 2128 659 2145 ea
678 2119 776 2145 domus
795 2121 823 2145 et
841 2119 930 2152 patria
949 2123 991 2145 est
