<?xml version="1.0" encoding="UTF-8"?>
<!DOCTYPE html PUBLIC "-//W3C//DTD XHTML 1.0 Transitional//EN"
    "http://www.w3.org/TR/xhtml1/DTD/xhtml1-transitional.dtd">
<html xmlns="http://www.w3.org/1999/xhtml" xml:lang="en" lang="en">
 <head>
  <title>
</title>
<meta http-equiv="Content-Type" content="text/html;charset=utf-8" />
  <meta name='ocr-system' content='tesseract 3.04.00' />
  <meta name='ocr-capabilities' content='ocr_page ocr_carea ocr_par ocr_line ocrx_word'/>
</head>
<body>
  <div class='ocr_page' id='page_1' title='image "./comoediaerecensu03plauuoft_0104.png"; bbox 0 0 1596 2478; ppageno 0'>
   <div class='ocr_carea' id='block_1_1' title="bbox 314 207 1439 663">
    <p class='ocr_par' dir='ltr' id='par_1_1' title="bbox 314 207 1439 663">
     <span class='ocr_line' id='line_1_1' title="bbox 314 207 921 239; baseline -0.012 0"><span class='ocrx_word' id='word_1_1' title='bbox 314 210 353 239; x_wconf 79' lang='lat'>96</span> <span class='ocrx_word' id='word_1_2' title='bbox 831 207 921 233; x_wconf 78' lang='lat' dir='ltr'>Plauti</span> 
     </span>
     <span class='ocr_line' id='line_1_2' title="bbox 747 300 1001 341; baseline 0.004 -10"><span class='ocrx_word' id='word_1_3' title='bbox 747 300 1001 341; x_wconf 82' lang='lat' dir='ltr'>Gymnasium</span> 
     </span>
     <span class='ocr_line' id='line_1_3' title="bbox 314 353 812 395; baseline -0.002 -9"><span class='ocrx_word' id='word_1_4' title='bbox 314 354 499 395; x_wconf 84' lang='lat' dir='ltr'><strong>Numquam</strong></span> <span class='ocrx_word' id='word_1_5' title='bbox 525 378 690 385; x_wconf 92' lang='grc'><em>......</em></span> <span class='ocrx_word' id='word_1_6' title='bbox 715 353 812 385; x_wconf 91' lang='lat' dir='ltr'>fidem</span> 
     </span>
     <span class='ocr_line' id='line_1_4' title="bbox 315 407 1439 448; baseline -0.002 -9"><span class='ocrx_word' id='word_1_7' title='bbox 315 408 377 440; x_wconf 87' lang='lat' dir='ltr'>Sed</span> <span class='ocrx_word' id='word_1_8' title='bbox 402 419 460 447; x_wconf 86' lang='lat' dir='ltr'>ego</span> <span class='ocrx_word' id='word_1_9' title='bbox 486 409 624 448; x_wconf 85' lang='lat' dir='ltr'>primum</span> <span class='ocrx_word' id='word_1_10' title='bbox 649 407 693 439; x_wconf 90' lang='lat' dir='ltr'>dii</span> <span class='ocrx_word' id='word_1_11' title='bbox 717 409 795 447; x_wconf 82' lang='lat' dir='ltr'>quia</span> <span class='ocrx_word' id='word_1_12' title='bbox 1389 417 1439 442; x_wconf 74' lang='lat'>220</span> 
     </span>
     <span class='ocr_line' id='line_1_5' title="bbox 315 461 612 494; baseline -0.01 0"><span class='ocrx_word' id='word_1_13' title='bbox 315 462 392 494; x_wconf 89' lang='lat' dir='ltr'>Sum</span> <span class='ocrx_word' id='word_1_14' title='bbox 417 461 508 493; x_wconf 86' lang='lat' dir='ltr'>nihili</span> <span class='ocrx_word' id='word_1_15' title='bbox 534 461 612 492; x_wconf 85' lang='lat' dir='ltr'>nihil</span> 
     </span>
     <span class='ocr_line' id='line_1_6' title="bbox 316 514 869 555; baseline 0 -9"><span class='ocrx_word' id='word_1_16' title='bbox 316 514 407 553; x_wconf 87' lang='lat' dir='ltr'>Quae</span> <span class='ocrx_word' id='word_1_17' title='bbox 432 525 536 546; x_wconf 87' lang='lat' dir='ltr'>meam</span> <span class='ocrx_word' id='word_1_18' title='bbox 560 526 600 546; x_wconf 85' lang='lat' dir='ltr'>an</span> <span class='ocrx_word' id='word_1_19' title='bbox 626 541 631 546; x_wconf 92' lang='lat'><em>.</em></span> <span class='ocrx_word' id='word_1_20' title='bbox 657 540 664 546; x_wconf 93' lang='lat'><strong>.</strong></span> <span class='ocrx_word' id='word_1_21' title='bbox 689 540 695 546; x_wconf 94' lang='lat'>.</span> <span class='ocrx_word' id='word_1_22' title='bbox 722 540 727 546; x_wconf 96' lang='lat'>.</span> <span class='ocrx_word' id='word_1_23' title='bbox 753 515 869 555; x_wconf 82' lang='lat' dir='ltr'>dignus</span> 
     </span>
     <span class='ocr_line' id='line_1_7' title="bbox 379 568 1122 609; baseline 0.001 -10"><span class='ocrx_word' id='word_1_24' title='bbox 379 594 385 599; x_wconf 90' lang='lat'><strong>.</strong></span> <span class='ocrx_word' id='word_1_25' title='bbox 413 568 530 600; x_wconf 82' lang='lat' dir='ltr'>acerba</span> <span class='ocrx_word' id='word_1_26' title='bbox 553 568 674 600; x_wconf 76' lang='lat' dir='ltr'>laceret</span> <span class='ocrx_word' id='word_1_27' title='bbox 700 595 706 600; x_wconf 95' lang='lat'>.</span> <span class='ocrx_word' id='word_1_28' title='bbox 733 594 738 600; x_wconf 97' lang='lat'>.</span> <span class='ocrx_word' id='word_1_29' title='bbox 765 594 771 599; x_wconf 93' lang='lat'>.</span> <span class='ocrx_word' id='word_1_30' title='bbox 796 569 879 609; x_wconf 81' lang='lat' dir='ltr'>frugi</span> <span class='ocrx_word' id='word_1_31' title='bbox 903 579 966 600; x_wconf 87' lang='lat' dir='ltr'>uon</span> <span class='ocrx_word' id='word_1_32' title='bbox 991 569 1122 609; x_wconf 87' lang='lat' dir='ltr'>quaeris</span> 
     </span>
     <span class='ocr_line' id='line_1_8' title="bbox 318 623 981 663; baseline 0 -10"><span class='ocrx_word' id='word_1_33' title='bbox 318 623 468 653; x_wconf 77' lang='lat' dir='ltr'>Praestat</span> <span class='ocrx_word' id='word_1_34' title='bbox 493 647 499 653; x_wconf 88' lang='lat'><strong><em>.</em></strong></span> <span class='ocrx_word' id='word_1_35' title='bbox 525 647 530 653; x_wconf 89' lang='lat'>.</span> <span class='ocrx_word' id='word_1_36' title='bbox 557 646 562 652; x_wconf 89' lang='lat'>.</span> <span class='ocrx_word' id='word_1_37' title='bbox 589 633 674 663; x_wconf 90' lang='lat' dir='ltr'>quae</span> <span class='ocrx_word' id='word_1_38' title='bbox 698 633 756 654; x_wconf 89' lang='lat' dir='ltr'>con</span> <span class='ocrx_word' id='word_1_39' title='bbox 782 648 787 653; x_wconf 94' lang='lat'>.</span> <span class='ocrx_word' id='word_1_40' title='bbox 814 647 820 652; x_wconf 95' lang='lat'>.</span> <span class='ocrx_word' id='word_1_41' title='bbox 845 646 851 652; x_wconf 93' lang='lat'><em>.</em></span> <span class='ocrx_word' id='word_1_42' title='bbox 877 648 884 654; x_wconf 91' lang='lat'>.</span> <span class='ocrx_word' id='word_1_43' title='bbox 909 632 981 653; x_wconf 88' lang='lat' dir='ltr'>cum</span> 
     </span>
    </p>
   </div>
   <div class='ocr_carea' id='block_1_2' title="bbox 316 681 1446 1305">
    <p class='ocr_par' dir='ltr' id='par_1_2' title="bbox 716 681 1042 713">
     <span class='ocr_line' id='line_1_9' title="bbox 716 681 1042 713; baseline -0.003 0"><span class='ocrx_word' id='word_1_44' title='bbox 716 681 1042 713; x_wconf 78' lang='lat' dir='ltr'>Alcesimarchus</span> 
     </span>
    </p>

    <p class='ocr_par' dir='ltr' id='par_1_3' title="bbox 316 734 1440 776">
     <span class='ocr_line' id='line_1_10' title="bbox 316 734 1440 776; baseline 0 -10"><span class='ocrx_word' id='word_1_45' title='bbox 316 736 429 775; x_wconf 81' lang='lat' dir='ltr'>Neque</span> <span class='ocrx_word' id='word_1_46' title='bbox 460 736 538 767; x_wconf 86' lang='lat' dir='ltr'>deos</span> <span class='ocrx_word' id='word_1_47' title='bbox 565 746 672 776; x_wconf 86' lang='lat' dir='ltr'>neque</span> <span class='ocrx_word' id='word_1_48' title='bbox 703 735 848 767; x_wconf 85' lang='lat' dir='ltr'>homiues</span> <span class='ocrx_word' id='word_1_49' title='bbox 877 746 1016 776; x_wconf 89' lang='lat' dir='ltr'>aequom</span> <span class='ocrx_word' id='word_1_50' title='bbox 1041 739 1092 766; x_wconf 79' lang='lat' dir='ltr'>est</span> <span class='ocrx_word' id='word_1_51' title='bbox 1115 734 1232 773; x_wconf 83' lang='lat' dir='ltr'>facere,</span> <span class='ocrx_word' id='word_1_52' title='bbox 1261 738 1297 766; x_wconf 86' lang='lat' dir='ltr'>ut</span> <span class='ocrx_word' id='word_1_53' title='bbox 1320 735 1367 766; x_wconf 85' lang='lat' dir='ltr'>sic</span> <span class='ocrx_word' id='word_1_54' title='bbox 1390 745 1440 766; x_wconf 92' lang='lat' dir='ltr'>or-</span> 
     </span>
    </p>

    <p class='ocr_par' dir='ltr' id='par_1_4' title="bbox 318 788 1446 1305">
     <span class='ocr_line' id='line_1_11' title="bbox 1033 788 1442 826; baseline 0.005 -6"><span class='ocrx_word' id='word_1_55' title='bbox 1033 788 1128 820; x_wconf 84' lang='lat' dir='ltr'>batus</span> <span class='ocrx_word' id='word_1_56' title='bbox 1153 789 1223 826; x_wconf 88' lang='lat' dir='ltr'>sim,</span> <span class='ocrx_word' id='word_1_57' title='bbox 1392 797 1442 822; x_wconf 80' lang='lat'>225</span> 
     </span>
     <span class='ocr_line' id='line_1_12' title="bbox 318 842 1364 881; baseline -0.001 -7"><span class='ocrx_word' id='word_1_58' title='bbox 318 843 408 881; x_wconf 85' lang='lat' dir='ltr'>Quae</span> <span class='ocrx_word' id='word_1_59' title='bbox 433 843 512 874; x_wconf 88' lang='lat' dir='ltr'>mihi</span> <span class='ocrx_word' id='word_1_60' title='bbox 537 846 624 875; x_wconf 88' lang='lat' dir='ltr'>esset</span> <span class='ocrx_word' id='word_1_61' title='bbox 647 843 875 874; x_wconf 81' lang='lat' dir='ltr'>commendata</span> <span class='ocrx_word' id='word_1_62' title='bbox 898 846 931 874; x_wconf 90' lang='lat' dir='ltr'>et</span> <span class='ocrx_word' id='word_1_63' title='bbox 954 853 1044 874; x_wconf 83' lang='lat' dir='ltr'>meae</span> <span class='ocrx_word' id='word_1_64' title='bbox 1068 842 1142 874; x_wconf 83' lang='lat' dir='ltr'>fidei</span> <span class='ocrx_word' id='word_1_65' title='bbox 1166 842 1364 880; x_wconf 80' lang='lat' dir='ltr'>concredita,</span> 
     </span>
     <span class='ocr_line' id='line_1_13' title="bbox 320 896 1311 934; baseline -0.001 -6"><span class='ocrx_word' id='word_1_66' title='bbox 320 896 412 934; x_wconf 82' lang='lat' dir='ltr'>Quae</span> <span class='ocrx_word' id='word_1_67' title='bbox 437 900 523 928; x_wconf 83' lang='lat' dir='ltr'>esset</span> <span class='ocrx_word' id='word_1_68' title='bbox 545 901 687 928; x_wconf 83' lang='lat' dir='ltr'>aetatem</span> <span class='ocrx_word' id='word_1_69' title='bbox 713 901 868 928; x_wconf 78' lang='lat' dir='ltr'>exactura</span> <span class='ocrx_word' id='word_1_70' title='bbox 891 907 1015 928; x_wconf 88' lang='lat' dir='ltr'>mecum</span> <span class='ocrx_word' id='word_1_71' title='bbox 1040 897 1072 927; x_wconf 88' lang='lat' dir='ltr'>in</span> <span class='ocrx_word' id='word_1_72' title='bbox 1096 896 1311 928; x_wconf 85' lang='lat' dir='ltr'>matrimonio.</span> 
     </span>
     <span class='ocr_line' id='line_1_14' title="bbox 323 949 1382 991; baseline -0.002 -9"><span class='ocrx_word' id='word_1_73' title='bbox 323 949 492 991; x_wconf 84' lang='lat' dir='ltr'>compecti</span> <span class='ocrx_word' id='word_1_74' title='bbox 517 951 560 982; x_wconf 79' lang='lat' dir='ltr'>sit</span> <span class='ocrx_word' id='word_1_75' title='bbox 582 961 699 991; x_wconf 83' lang='lat' dir='ltr'>capere</span> <span class='ocrx_word' id='word_1_76' title='bbox 724 954 856 991; x_wconf 79' lang='lat' dir='ltr'>oportet</span> <span class='ocrx_word' id='word_1_77' title='bbox 878 961 981 990; x_wconf 86' lang='lat' dir='ltr'>neque</span> <span class='ocrx_word' id='word_1_78' title='bbox 1005 961 1060 982; x_wconf 86' lang='lat' dir='ltr'>eas</span> <span class='ocrx_word' id='word_1_79' title='bbox 1083 960 1239 990; x_wconf 88' lang='lat' dir='ltr'>umquam</span> <span class='ocrx_word' id='word_1_80' title='bbox 1263 960 1382 990; x_wconf 84' lang='lat' dir='ltr'>ponere</span> 
     </span>
     <span class='ocr_line' id='line_1_15' title="bbox 323 1003 1364 1045; baseline -0.001 -10"><span class='ocrx_word' id='word_1_81' title='bbox 323 1004 379 1035; x_wconf 84' lang='lat' dir='ltr'>Eri</span> <span class='ocrx_word' id='word_1_82' title='bbox 404 1004 426 1035; x_wconf 93' lang='lat' dir='ltr'>li</span> <span class='ocrx_word' id='word_1_83' title='bbox 450 1028 617 1036; x_wconf 90' lang='grc'><strong><em>......</em></strong></span> <span class='ocrx_word' id='word_1_84' title='bbox 642 1005 748 1036; x_wconf 85' lang='lat' dir='ltr'>tribus</span> <span class='ocrx_word' id='word_1_85' title='bbox 773 1004 909 1035; x_wconf 91' lang='lat' dir='ltr'>multum</span> <span class='ocrx_word' id='word_1_86' title='bbox 933 1004 1020 1035; x_wconf 89' lang='lat' dir='ltr'>credi</span> <span class='ocrx_word' id='word_1_87' title='bbox 1045 1008 1196 1045; x_wconf 80' lang='lat' dir='ltr'>oportere</span> <span class='ocrx_word' id='word_1_88' title='bbox 1220 1003 1364 1035; x_wconf 74' lang='lat' dir='ltr'>arbitror</span> 
     </span>
     <span class='ocr_line' id='line_1_16' title="bbox 320 1058 1446 1096; baseline 0.001 -7"><span class='ocrx_word' id='word_1_89' title='bbox 320 1058 410 1096; x_wconf 85' lang='lat' dir='ltr'>Quae</span> <span class='ocrx_word' id='word_1_90' title='bbox 435 1083 442 1089; x_wconf 88' lang='lat'><em>.</em></span> <span class='ocrx_word' id='word_1_91' title='bbox 463 1083 469 1089; x_wconf 93' lang='lat'>.</span> <span class='ocrx_word' id='word_1_92' title='bbox 489 1084 495 1090; x_wconf 87' lang='lat'><strong><em>.</em></strong></span> <span class='ocrx_word' id='word_1_93' title='bbox 520 1058 641 1090; x_wconf 82' lang='lat' dir='ltr'>clamat</span> <span class='ocrx_word' id='word_1_94' title='bbox 665 1083 670 1089; x_wconf 95' lang='lat'>.</span> <span class='ocrx_word' id='word_1_95' title='bbox 692 1083 698 1089; x_wconf 91' lang='lat'><strong>.</strong></span> <span class='ocrx_word' id='word_1_96' title='bbox 718 1083 724 1089; x_wconf 93' lang='lat'>.</span> <span class='ocrx_word' id='word_1_97' title='bbox 750 1059 858 1090; x_wconf 84' lang='lat' dir='ltr'>mariti</span> <span class='ocrx_word' id='word_1_98' title='bbox 882 1068 942 1089; x_wconf 79' lang='lat' dir='ltr'>sua</span> <span class='ocrx_word' id='word_1_99' title='bbox 967 1061 1004 1089; x_wconf 85' lang='lat' dir='ltr'>ut</span> <span class='ocrx_word' id='word_1_100' title='bbox 1028 1083 1033 1088; x_wconf 94' lang='lat'>.</span> <span class='ocrx_word' id='word_1_101' title='bbox 1056 1083 1062 1089; x_wconf 92' lang='lat'>.</span> <span class='ocrx_word' id='word_1_102' title='bbox 1082 1082 1088 1088; x_wconf 86' lang='lat'><strong>.</strong></span> <span class='ocrx_word' id='word_1_103' title='bbox 1114 1058 1212 1089; x_wconf 85' lang='lat' dir='ltr'>solita</span> <span class='ocrx_word' id='word_1_104' title='bbox 1235 1058 1279 1089; x_wconf 83' lang='lat' dir='ltr'>sis</span> <span class='ocrx_word' id='word_1_105' title='bbox 1394 1065 1446 1090; x_wconf 82' lang='lat'>230</span> 
     </span>
     <span class='ocr_line' id='line_1_17' title="bbox 320 1112 1235 1153; baseline -0.001 -10"><span class='ocrx_word' id='word_1_106' title='bbox 320 1112 369 1144; x_wconf 92' lang='lat' dir='ltr'>Ob</span> <span class='ocrx_word' id='word_1_107' title='bbox 393 1112 478 1144; x_wconf 82' lang='lat' dir='ltr'>istuc</span> <span class='ocrx_word' id='word_1_108' title='bbox 501 1112 650 1143; x_wconf 82' lang='lat' dir='ltr'>inuadier</span> <span class='ocrx_word' id='word_1_109' title='bbox 673 1123 746 1144; x_wconf 90' lang='lat' dir='ltr'>eum</span> <span class='ocrx_word' id='word_1_110' title='bbox 770 1112 888 1152; x_wconf 82' lang='lat' dir='ltr'>dignus</span> <span class='ocrx_word' id='word_1_111' title='bbox 912 1112 1040 1143; x_wconf 85' lang='lat' dir='ltr'>deciens</span> <span class='ocrx_word' id='word_1_112' title='bbox 1064 1112 1119 1153; x_wconf 92' lang='lat' dir='ltr'>qui</span> <span class='ocrx_word' id='word_1_113' title='bbox 1144 1112 1235 1143; x_wconf 78' lang='lat' dir='ltr'>furca</span> 
     </span>
     <span class='ocr_line' id='line_1_18' title="bbox 320 1165 1232 1207; baseline -0.001 -10"><span class='ocrx_word' id='word_1_114' title='bbox 320 1166 456 1205; x_wconf 84' lang='lat' dir='ltr'>Egomet</span> <span class='ocrx_word' id='word_1_115' title='bbox 479 1166 593 1198; x_wconf 81' lang='lat' dir='ltr'>laetor.</span> <span class='ocrx_word' id='word_1_116' title='bbox 639 1166 703 1198; x_wconf 87' lang='lat' dir='ltr'>Sed</span> <span class='ocrx_word' id='word_1_117' title='bbox 728 1165 807 1207; x_wconf 89' lang='lat' dir='ltr'>quid</span> <span class='ocrx_word' id='word_1_118' title='bbox 830 1170 947 1197; x_wconf 78' lang='lat' dir='ltr'>auctor</span> <span class='ocrx_word' id='word_1_119' title='bbox 969 1175 1056 1197; x_wconf 89' lang='lat' dir='ltr'>nunc</span> <span class='ocrx_word' id='word_1_120' title='bbox 1080 1165 1159 1196; x_wconf 88' lang='lat' dir='ltr'>mihi</span> <span class='ocrx_word' id='word_1_121' title='bbox 1183 1169 1232 1197; x_wconf 88' lang='lat' dir='ltr'>est</span> 
     </span>
     <span class='ocr_line' id='line_1_19' title="bbox 323 1220 884 1261; baseline -0.002 -10"><span class='ocrx_word' id='word_1_122' title='bbox 323 1243 616 1251; x_wconf 86' lang='grc'><em>..........</em></span> <span class='ocrx_word' id='word_1_123' title='bbox 641 1220 822 1261; x_wconf 83' lang='lat' dir='ltr'>suspendas</span> <span class='ocrx_word' id='word_1_124' title='bbox 848 1245 852 1250; x_wconf 94' lang='lat'>.</span> <span class='ocrx_word' id='word_1_125' title='bbox 879 1245 884 1250; x_wconf 90' lang='lat'><em>.</em></span> 
     </span>
     <span class='ocr_line' id='line_1_20' title="bbox 326 1273 798 1305; baseline 0 0"><span class='ocrx_word' id='word_1_126' title='bbox 326 1297 717 1305; x_wconf 90' lang='grc'><strong><em>.............</em></strong></span> <span class='ocrx_word' id='word_1_127' title='bbox 742 1273 798 1305; x_wconf 77' lang='lat' dir='ltr'>fiet</span> 
     </span>
    </p>
   </div>
   <div class='ocr_carea' id='block_1_3' title="bbox 323 1369 1446 1518">
    <p class='ocr_par' dir='ltr' id='par_1_5' title="bbox 323 1369 1446 1518">
     <span class='ocr_line' id='line_1_21' title="bbox 759 1369 1013 1410; baseline 0.004 -10"><span class='ocrx_word' id='word_1_128' title='bbox 759 1369 1013 1410; x_wconf 84' lang='lat' dir='ltr'>Gymnasium</span> 
     </span>
     <span class='ocr_line' id='line_1_22' title="bbox 323 1423 1446 1461; baseline 0 -6"><span class='ocrx_word' id='word_1_129' title='bbox 323 1448 458 1455; x_wconf 92' lang='grc'><em>.....</em></span> <span class='ocrx_word' id='word_1_130' title='bbox 482 1424 568 1455; x_wconf 87' lang='lat' dir='ltr'>intro</span> <span class='ocrx_word' id='word_1_131' title='bbox 593 1424 685 1461; x_wconf 78' lang='lat' dir='ltr'>abeo,</span> <span class='ocrx_word' id='word_1_132' title='bbox 708 1434 784 1455; x_wconf 84' lang='lat' dir='ltr'>nam</span> <span class='ocrx_word' id='word_1_133' title='bbox 809 1424 1010 1455; x_wconf 85' lang='lat' dir='ltr'>meretricem</span> <span class='ocrx_word' id='word_1_134' title='bbox 1036 1423 1169 1455; x_wconf 83' lang='lat' dir='ltr'>adstare</span> <span class='ocrx_word' id='word_1_135' title='bbox 1192 1423 1224 1454; x_wconf 90' lang='lat' dir='ltr'>in</span> <span class='ocrx_word' id='word_1_136' title='bbox 1249 1423 1302 1454; x_wconf 86' lang='lat' dir='ltr'>uia</span> <span class='ocrx_word' id='word_1_137' title='bbox 1395 1430 1446 1456; x_wconf 79' lang='lat'>235</span> 
     </span>
     <span class='ocr_line' id='line_1_23' title="bbox 323 1477 826 1518; baseline 0.002 -10"><span class='ocrx_word' id='word_1_138' title='bbox 323 1477 442 1516; x_wconf 82' lang='lat' dir='ltr'>Solam,</span> <span class='ocrx_word' id='word_1_139' title='bbox 467 1477 641 1518; x_wconf 85' lang='lat' dir='ltr'>prostibuli</span> <span class='ocrx_word' id='word_1_140' title='bbox 666 1488 744 1509; x_wconf 83' lang='lat' dir='ltr'>sane</span> <span class='ocrx_word' id='word_1_141' title='bbox 768 1481 826 1509; x_wconf 85' lang='lat' dir='ltr'>est.</span> 
     </span>
    </p>
   </div>
   <div class='ocr_carea' id='block_1_4' title="bbox 391 1613 884 1645">
    <p class='ocr_par' dir='ltr' id='par_1_6' title="bbox 391 1613 884 1645">
     <span class='ocr_line' id='line_1_24' title="bbox 391 1613 884 1645; baseline -0.002 0"><span class='ocrx_word' id='word_1_142' title='bbox 391 1639 397 1644; x_wconf 94' lang='lat'>.</span> <span class='ocrx_word' id='word_1_143' title='bbox 422 1614 598 1645; x_wconf 82' lang='lat' dir='ltr'>meminere</span> <span class='ocrx_word' id='word_1_144' title='bbox 623 1613 766 1645; x_wconf 83' lang='lat' dir='ltr'>officium</span> <span class='ocrx_word' id='word_1_145' title='bbox 791 1624 884 1645; x_wconf 91' lang='lat' dir='ltr'>suum</span> 
     </span>
    </p>
   </div>
   <div class='ocr_carea' id='block_1_5' title="bbox 323 1709 1447 1965">
    <p class='ocr_par' dir='ltr' id='par_1_7' title="bbox 323 1709 1447 1965">
     <span class='ocr_line' id='line_1_25' title="bbox 721 1709 1046 1741; baseline 0.003 -1"><span class='ocrx_word' id='word_1_146' title='bbox 721 1709 1046 1741; x_wconf 83' lang='lat' dir='ltr'>Alcesimarchus</span> 
     </span>
     <span class='ocr_line' id='line_1_26' title="bbox 323 1763 1160 1795; baseline 0.001 -1"><span class='ocrx_word' id='word_1_147' title='bbox 323 1763 418 1795; x_wconf 88' lang='lat' dir='ltr'>Potin</span> <span class='ocrx_word' id='word_1_148' title='bbox 445 1774 480 1794; x_wconf 85' lang='lat' dir='ltr'>es</span> <span class='ocrx_word' id='word_1_149' title='bbox 502 1767 538 1795; x_wconf 89' lang='lat' dir='ltr'>tu</span> <span class='ocrx_word' id='word_1_150' title='bbox 562 1763 658 1795; x_wconf 90' lang='lat' dir='ltr'>homo</span> <span class='ocrx_word' id='word_1_151' title='bbox 685 1763 812 1795; x_wconf 81' lang='lat' dir='ltr'>facinus</span> <span class='ocrx_word' id='word_1_152' title='bbox 836 1763 942 1795; x_wconf 85' lang='lat' dir='ltr'>facere</span> <span class='ocrx_word' id='word_1_153' title='bbox 967 1763 1160 1795; x_wconf 80' lang='lat' dir='ltr'>strenuum?</span> 
     </span>
     <span class='ocr_line' id='line_1_27' title="bbox 806 1817 966 1848; baseline 0 0"><span class='ocrx_word' id='word_1_154' title='bbox 806 1817 966 1848; x_wconf 89' lang='lat' dir='ltr'>Amicus</span> 
     </span>
     <span class='ocr_line' id='line_1_28' title="bbox 1066 1869 1447 1906; baseline 0.003 -5"><span class='ocrx_word' id='word_1_155' title='bbox 1066 1870 1213 1902; x_wconf 81' lang='lat' dir='ltr'>Aliorum</span> <span class='ocrx_word' id='word_1_156' title='bbox 1239 1869 1362 1902; x_wconf 78' lang='lat' dir='ltr'>affatim</span> <span class='ocrx_word' id='word_1_157' title='bbox 1387 1873 1447 1906; x_wconf 81' lang='lat' dir='ltr'>est.</span> 
     </span>
     <span class='ocr_line' id='line_1_29' title="bbox 326 1924 1378 1965; baseline 0 -10"><span class='ocrx_word' id='word_1_158' title='bbox 326 1924 388 1962; x_wconf 84' lang='lat' dir='ltr'>Qui</span> <span class='ocrx_word' id='word_1_159' title='bbox 412 1924 551 1963; x_wconf 81' lang='lat' dir='ltr'>saciant3</span> <span class='ocrx_word' id='word_1_160' title='bbox 576 1935 654 1956; x_wconf 81' lang='lat' dir='ltr'>sane</span> <span class='ocrx_word' id='word_1_161' title='bbox 678 1935 737 1965; x_wconf 90' lang='lat' dir='ltr'>ego</span> <span class='ocrx_word' id='word_1_162' title='bbox 760 1934 810 1955; x_wconf 89' lang='lat' dir='ltr'>me</span> <span class='ocrx_word' id='word_1_163' title='bbox 835 1924 909 1955; x_wconf 89' lang='lat' dir='ltr'>nolo</span> <span class='ocrx_word' id='word_1_164' title='bbox 933 1924 1049 1956; x_wconf 86' lang='lat' dir='ltr'>fortem</span> <span class='ocrx_word' id='word_1_165' title='bbox 1074 1924 1237 1965; x_wconf 87' lang='lat' dir='ltr'>perhiberi</span> <span class='ocrx_word' id='word_1_166' title='bbox 1262 1924 1378 1955; x_wconf 90' lang='lat' dir='ltr'>uirum.</span> 
     </span>
    </p>
   </div>
   <div class='ocr_carea' id='block_1_6' title="bbox 326 2051 1448 2169">
    <p class='ocr_par' dir='ltr' id='par_1_8' title="bbox 326 2051 1448 2169">
     <span class='ocr_line' id='line_1_30' title="bbox 411 2051 1448 2084; baseline 0 -8"><span class='ocrx_word' id='word_1_167' title='bbox 411 2052 460 2076; x_wconf 74' lang='lat'>225</span> <span class='ocrx_word' id='word_1_168' title='bbox 480 2052 568 2077; x_wconf 75' lang='lat' dir='ltr'>facere</span> <span class='ocrx_word' id='word_1_169' title='bbox 589 2053 617 2077; x_wconf 72' lang='lat' dir='ltr'>et.</span> <span class='ocrx_word' id='word_1_170' title='bbox 636 2051 659 2076; x_wconf 78' lang='lat' dir='ltr'>ei</span> <span class='ocrx_word' id='word_1_171' title='bbox 678 2051 795 2084; x_wconf 75' lang='lat' dir='ltr'>posthae</span> <span class='ocrx_word' id='word_1_172' title='bbox 814 2051 865 2076; x_wconf 77' lang='lat' dir='ltr'>sim</span> <span class='ocrx_word' id='word_1_173' title='bbox 998 2052 1047 2077; x_wconf 86' lang='lat'>227</span> <span class='ocrx_word' id='word_1_174' title='bbox 1066 2059 1172 2077; x_wconf 85' lang='lat' dir='ltr'>mecum</span> <span class='ocrx_word' id='word_1_175' title='bbox 1192 2054 1322 2077; x_wconf 68' lang='lat' dir='ltr'>exactura</span> <span class='ocrx_word' id='word_1_176' title='bbox 1341 2059 1448 2076; x_wconf 81' lang='lat' dir='ltr'>mecum</span> 
     </span>
     <span class='ocr_line' id='line_1_31' title="bbox 326 2093 1448 2127; baseline -0.001 -8"><span class='ocrx_word' id='word_1_177' title='bbox 326 2095 376 2119; x_wconf 82' lang='lat'>235</span> <span class='ocrx_word' id='word_1_178' title='bbox 394 2102 433 2127; x_wconf 76' lang='lat' dir='ltr'>sq.</span> <span class='ocrx_word' id='word_1_179' title='bbox 454 2093 563 2120; x_wconf 71' lang='lat' dir='ltr'>Nonius</span> <span class='ocrx_word' id='word_1_180' title='bbox 579 2094 684 2126; x_wconf 70' lang='lat'><strong><em>1›.423:</em></strong></span> <span class='ocrx_word' id='word_1_181' title='bbox 704 2093 823 2119; x_wconf 79' lang='lat' dir='ltr'>abouam</span> <span class='ocrx_word' id='word_1_182' title='bbox 882 2094 931 2119; x_wconf 80' lang='lat'>236</span> <span class='ocrx_word' id='word_1_183' title='bbox 951 2094 1106 2126; x_wconf 74' lang='lat' dir='ltr'>prostibula</span> <span class='ocrx_word' id='word_1_184' title='bbox 1163 2095 1213 2119; x_wconf 79' lang='lat'>237</span> <span class='ocrx_word' id='word_1_185' title='bbox 1232 2093 1342 2120; x_wconf 72' lang='lat' dir='ltr'>Nonius</span> <span class='ocrx_word' id='word_1_186' title='bbox 1359 2093 1448 2126; x_wconf 58' lang='lat'>12499</span> 
     </span>
     <span class='ocr_line' id='line_1_32' title="bbox 326 2135 996 2169; baseline -0.001 -7"><span class='ocrx_word' id='word_1_187' title='bbox 326 2137 377 2162; x_wconf 74' lang='lat'>238</span> <span class='ocrx_word' id='word_1_188' title='bbox 396 2145 435 2169; x_wconf 75' lang='lat' dir='ltr'>sq.</span> <span class='ocrx_word' id='word_1_189' title='bbox 457 2136 562 2162; x_wconf 77' lang='lat' dir='ltr'>Gellius</span> <span class='ocrx_word' id='word_1_190' title='bbox 589 2136 627 2162; x_wconf 73' lang='lat' dir='ltr'>VI</span> <span class='ocrx_word' id='word_1_191' title='bbox 643 2135 734 2167; x_wconf 85' lang='lat' dir='ltr'><em>(VII).</em></span> <span class='ocrx_word' id='word_1_192' title='bbox 755 2137 778 2167; x_wconf 71' lang='lat'>7„</span> <span class='ocrx_word' id='word_1_193' title='bbox 797 2137 827 2161; x_wconf 87' lang='lat'>3:</span> <span class='ocrx_word' id='word_1_194' title='bbox 847 2135 947 2161; x_wconf 71' lang='lat' dir='ltr'>Potine</span> <span class='ocrx_word' id='word_1_195' title='bbox 967 2140 996 2162; x_wconf 78' lang='lat' dir='ltr'>tu</span> 
     </span>
    </p>
   </div>
  </div>
 </body>
</html>
