1596 2478
275 182 335 212 134
780 177 888 204 Casina.

275 286 392 314 semper
421 276 508 314 plena
536 275 659 310 habeat,
695 275 722 303 ei
751 276 952 312 imperaturus
981 277 1034 302 est.
1096 274 1155 303 Pro
1181 274 1322 310 „semita“
1349 284 1399 304 ne-

275 329 403 356 cessario
427 326 616 355 scribendum
639 323 734 361 seria,
763 328 797 354 ut
819 326 877 354 iam
900 325 975 353 vidit
998 325 1132 361 Guietus,
1157 325 1193 355 cf.
1218 325 1304 364 capt.
1329 327 1399 355 912.

275 375 382 409 Fons.
407 379 500 406 maius
529 386 613 414 aquae
642 386 694 405 vas
722 377 783 405 sive
811 385 901 413 urna,
935 375 1024 413 ὗόριά,
1053 376 1089 404 cs.
1113 375 1236 406 Theocr.
1263 378 1310 413 15,
1341 378 1398 405 27:

276 430 377 459 Ei‘won.
408 427 466 466 αἶρε
489 429 520 456 τὸ
542 430 614 464 νᾶμα
637 428 683 455 καὶ
705 430 730 460 ἐς
751 428 849 464 μέσον,
878 426 1053 464 αἶνόδρυπῐε,
1081 429 1132 459 θὲς
1158 428 1247 456 πάλιν.
1270 438 1337 457 ann.
1361 427 1399 456 ad

275 480 367 509 Stich.
395 481 463 508 707.
484 493 521 499 —
547 480 613 508 125.
634 476 798 516 postilena,
822 479 1049 507 instrumentum
1068 479 1220 514 rusticum,
1243 479 1295 507 sed
1312 479 1399 517 quale

275 532 376 565 suerit,
397 532 575 568 ignoramus.
622 529 839 559 Glossariorum
853 530 1022 558 testimonia
1035 529 1121 558 affert
1134 529 1230 558 Loew.
1243 529 1399 558 Prodi-om.

275 592 304 620 p.
330 582 400 610 262.
425 596 467 601 —
494 583 562 610 126.
600 580 744 616 „aceruo“
770 583 945 618 corruptum
968 584 1026 615 est3
1058 587 1164 610 eruom
1186 581 1277 609 fuisse
1299 579 1399 609 came-

277 634 374 661 rarius
398 633 482 668 vidit,
506 633 542 661 cf.
564 632 653 661 Most.
674 633 722 662 59.
767 631 796 660 Is
822 641 941 667 „eruom
965 631 1145 660 comederis“
1171 632 1306 669 scripsit3
1331 631 1399 659 inde

277 683 364 712 Both.
389 684 444 712 aut
472 691 576 712 cruom
607 681 722 718 ederis,
758 683 844 720 Seyff.
872 683 1028 718 „acerbum
1053 680 1185 718 eruom“,
1219 682 1302 710 Mau.
1330 685 1400 717 „aut

277 735 413 772 glandem
445 738 497 763 aut
525 734 657 764 eruom“.
715 734 806 762 Koch.
840 743 923 769 „cum
952 743 1060 771 pecore
1084 732 1217 762 eruom“.
1251 748 1293 753 —
1331 734 1398 762 127.

278 783 362 823 quod
376 783 536 823 postules,
561 796 586 814 v.
611 785 648 814 ad
671 785 754 813 Asin.
781 786 851 813 750.
875 784 951 812 Rud.
980 786 1068 813 1137.
1091 799 1133 803 —
1159 785 1228 813 129.
1252 781 1399 813 Ieiunum

279 837 347 865 olim
376 837 571 865 emendatum.
601 851 643 856 -
672 832 800 864 reddibo
824 836 910 864 affert
939 835 1053 864 Nonius
1082 845 1110 873 p.
1136 836 1196 864 476
1221 845 1256 863 ex
1280 836 1307 864 h.
1328 836 1346 864 l.
1371 838 1401 863 et

278 898 314 915 ex
336 888 414 917 Men.
445 889 541 923 1019,
565 888 616 916 ubi
640 888 698 916 vid.
756 887 931 915 Paenultima
955 886 1052 914 brevis
1082 890 1127 915 est
1154 891 1190 914 ut
1216 887 1246 914 iu
1274 886 1400 924 simplici

281 937 408 975 ,‚dabo“,
432 950 458 968 v.
477 939 568 973 Neue,
593 938 742 966 Formenl.
766 938 793 966 II
813 948 841 975 p.
867 939 926 966 447
952 942 978 965 et
1005 939 1076 966 452.
1101 952 1141 957 —
1168 938 1236 966 134.
1261 935 1344 966 dicat
1362 937 1400 972 B;

280 991 484 1018 coniunctivus
507 1000 560 1027 per
577 990 795 1024 attractionem,
822 989 857 1017 cf.
872 989 908 1016 ad
922 989 1001 1017 Trin.
1019 990 1088 1017 717.
1108 1003 1146 1008 —
1172 989 1240 1017 135.
1263 985 1401 1025 mellina,

277 1040 414 1077 placenta
436 1041 559 1076 mellita,
592 1052 619 1069 v.
644 1040 681 1068 ad
705 1041 810 1069 Pseud.
838 1041 906 1068 179.
963 1040 1048 1075 Quod
1071 1041 1102 1068 in
1124 1040 1138 1068 1
1161 1049 1248 1068 manu
1272 1040 1402 1068 secunda

275 1093 510 1130 suprascriptum
541 1095 600 1127 est,
636 1095 667 1119 et
700 1092 730 1120 in
759 1091 823 1120 cod.
849 1092 982 1119 Parisino
1011 1090 1154 1129 Gepperti
1183 1091 1292 1128 legitur
1323 1099 1401 1126 „me-

275 1143 388 1180 dulla‘'‚
423 1143 502 1172 mala
530 1143 702 1171 coniectura
725 1147 780 1171 est.
811 1157 847 1162 —
882 1144 950 1171 137.
986 1139 1064 1172 Sine
1091 1149 1166 1170 uero
1190 1139 1292 1170 amari
1315 1142 1343 1170 te
1365 1143 1400 1170 A.

274 1202 361 1223 meus
383 1191 487 1230 festus
510 1191 590 1229 dies,
620 1195 819 1222 nominativus
841 1204 895 1232 pro
919 1194 1069 1228 vocativo,
1099 1193 1134 1221 cf.
1159 1193 1196 1221 ud
1219 1193 1301 1222 Asin.
1327 1193 1398 1222 648.

275 1260 316 1265 —
344 1247 412 1275 138.
430 1243 544 1282 pullus
560 1252 686 1282 passer,
709 1246 728 1273 i.
754 1256 778 1273 e.
802 1246 901 1282 pullus
925 1245 1064 1282 passeris.
1095 1244 1132 1273 cf.
1155 1245 1237 1273 Asin.
1263 1245 1333 1273 659.
1358 1258 1400 1263 —

282 1297 349 1326 140.
380 1294 486 1335 quasi,
516 1307 544 1325 v.
568 1296 605 1325 ad
629 1296 692 1324 Mil.
719 1297 789 1324 392.
815 1311 855 1315 —
871 1294 995 1332 pariete
1017 1295 1122 1324 ultima
1144 1295 1247 1331 longa,
1281 1298 1315 1323 ut
1339 1295 1398 1323 sor-

274 1351 357 1376 tasse
384 1346 528 1386 „parieti“
555 1347 741 1376 scribendum
765 1348 804 1376 sit
827 1357 891 1375 cum
915 1346 1011 1383 Both„
1035 1357 1061 1375 v.
1082 1346 1199 1383 Proleg.
1219 1356 1248 1384 p.
1270 1346 1338 1375 195.
1360 1360 1396 1365 —

280 1413 321 1418 -
347 1400 415 1428 142.
442 1396 488 1427 tm·
510 1397 666 1428 sermonis
688 1398 723 1426 A.
748 1413 788 1417 —-
815 1399 883 1427 143.
907 1394 979 1426 merl
1000 1400 1030 1426 et
1052 1398 1077 1426 A
1100 1400 1130 1425 et
1153 1398 1175 1425 I.

386 1654 553 1683 144—160
584 1655 729 1682 canticum
765 1655 920 1682 maximum
950 1657 1066 1691 partem
1102 1653 1219 1682 creticis
1253 1653 1399 1689 rhythmis

280 1707 490 1742 conscriptum.
546 1705 665 1740 Versus,
696 1706 745 1742 qui
775 1706 803 1733 in
828 1706 933 1733 ceteris
957 1705 1107 1733 codicibus
1135 1714 1257 1742 prorsus
1285 1704 1399 1732 turbati

275 1760 353 1791 suut,
379 1756 414 1784 ad
440 1756 572 1784 ordinem
595 1756 780 1794 palimpsesti
805 1756 917 1784 redacti
941 1759 1017 1784 sunt.
1068 1755 1178 1793 Incipit
1199 1766 1216 1783 a
1238 1754 1335 1783 tribus
1357 1757 1399 1783 te-

275 1808 429 1835 trametris
453 1807 625 1836 bacchiacis.
674 1808 732 1836 147
756 1810 874 1835 constat
897 1817 933 1834 ex
956 1806 1072 1836 duobus
1090 1806 1207 1834 creticis
1225 1808 1255 1834 et
1271 1806 1400 1834 dimetro

275 1859 402 1886 iambico
421 1859 604 1886 catalectico.
654 1859 711 1886 148
729 1860 903 1886 tetrameter
920 1857 1101 1886 bacchiucus.
1152 1858 1208 1885 149
1228 1860 1402 1885 tetrameter

278 1910 404 1938 creticus
428 1919 494 1937 cum
518 1909 601 1937 hiatu
626 1910 655 1937 in
679 1918 798 1938 caesuru.
847 1910 905 1938 150
929 1909 1065 1936 trimeter
1083 1909 1218 1936 creticus.
1268 1909 1323 1937 151
1349 1908 1402 1936 tri-

277 1959 369 1997 podia
392 1959 544 1988 trochaica
567 1970 631 1988 cum
655 1959 768 1988 duabus
792 1960 920 1997 dipodiis
944 1959 1084 1987 iambicis.
1140 1961 1196 1987 152
1227 1961 1402 1987 tetrameter

278 2011 461 2039 bacchincus.
517 2012 574 2040 153
604 2013 720 2039 constat
747 2021 782 2039 ex
805 2010 901 2038 tribus
924 2011 1040 2038 creticis
1063 2013 1094 2038 et
1117 2009 1231 2038 duobus
1253 2009 1399 2038 trochaeis.

280 2062 337 2089 154
368 2065 539 2090 tetrameter
569 2063 703 2090 creticus.
764 2062 821 2090 155
857 2061 983 2089 dimeter
1011 2060 1178 2089 trochaicus
1201 2061 1399 2089 catalecticus.

284 2112 342 2140 156
379 2112 505 2141 creticus
539 2122 604 2141 cum
640 2113 755 2141 duobus
788 2111 934 2140 trochaeis.
1012 2112 1068 2140 157
1103 2111 1230 2140 dimeter
1263 2112 1400 2140 creticus.
