1596 2478
142 198 188 230 IV,
208 199 230 230 3,
250 198 333 224 4—16
645 194 750 222 Casina.
1216 199 1255 228 53

609 290 652 322 Ol
686 301 715 321 m
753 291 788 321 io

343 347 385 376 At
407 355 467 386 ego
491 344 596 376 hercle
620 301 713 375 uigili
725 301 830 376 pfacio.
873 344 945 375 Tibi
969 355 1062 375 amor
1086 344 1254 384 perditust,

141 400 219 432 Mihi
244 400 402 431 inanitate
426 400 488 430 iam
512 398 632 430 dudum
658 399 811 429 intestina
836 403 1047 430 murmurant.
1206 408 1255 432 756

578 458 817 499 Lysidamus

141 514 221 545 Nam
237 514 313 555 quid
333 513 428 545 illaec
448 522 532 544 nunc
551 517 618 543 tam
637 512 691 543 diu
710 513 797 543 intus
816 517 1019 543 remorantur
1032 512 1256 552 remeligines'.>

141 568 242 607 Quasi
267 567 307 599 ob
331 568 541 604 industriam,
576 570 697 607 quanto
727 576 785 606 ego
815 565 888 606 plus
919 577 1073 606 propero,
1108 567 1257 607 procedit

852 620 968 651 minus.

609 679 787 721 Olympio

142 736 224 774 Quid
247 737 273 767 si
293 737 391 767 etiam
410 740 574 766 occentem
593 734 815 773 hymenaeum,
841 734 868 765 si
886 734 941 774 qui
960 735 1056 765 citius
1077 734 1258 774 prodeant?

580 794 816 834 Lysidamus

142 849 274 885 Censeo,
299 854 331 881 et
355 860 414 889 ego
437 854 468 880 te
492 848 648 880 adiutabo
673 849 704 879 in
728 848 850 888 nuptiis
874 848 1107 879 communibus.

448 908 631 949 Olympio
655 912 688 939 et
712 907 951 948 Lysidamus

228 963 350 1004 Hymen
374 963 558 1003 hymenaee,
583 972 601 993 o
625 962 749 1002 hymen.
1208 971 1258 996 760

579 1022 818 1062 Lysidamus

142 1077 225 1109 Perii
250 1077 356 1108 hercle
381 1088 439 1118 ego
464 1077 575 1114 miser-3
600 1076 706 1116 dirupi
732 1087 781 1108 me
801 1075 963 1106 cautando
982 1075 1192 1116 hymenaeum
1216 1077 1255 1113 io,

143 1131 184 1163 Et
207 1131 262 1163 illo
286 1132 408 1167 morbo,
433 1141 496 1171 quo
521 1130 660 1171 dirumpi
684 1132 789 1171 cupio,
814 1140 877 1160 non
901 1134 951 1160 est
974 1131 1077 1170 copia.

611 1189 788 1231 Olympio

143 1245 267 1286 Edepol
291 1256 330 1277 ne
353 1249 398 1279 tu,
423 1246 449 1276 si
473 1255 573 1286 equos
597 1254 695 1281 esses,
719 1255 804 1275 esses
828 1244 1043 1275 indomabilis.

581 1304 817 1344 Lysidamus

145 1347 214 1385 Quo
237 1348 450 1388 argumento?

611 1401 789 1442 Olympio

459 1455 562 1487 Nimis
585 1460 683 1487 tenax
706 1466 748 1487 es.

583 1515 819 1557 Lysidamus

739 1569 825 1601 Num
849 1580 898 1601 me
922 1571 1085 1610 expertu's
1109 1571 1259 1611 uspiam?

608 1629 790 1671 Olympio

144 1684 183 1716 Di
208 1684 322 1716 melius
344 1684 478 1716 faciant.
526 1684 588 1715 Sed
613 1685 742 1725 crepuit
764 1685 896 1722 ostium3
921 1685 1028 1716 exitur
1051 1684 1146 1716 foras.
1209 1693 1259 1719 765

582 1744 632 1785 Ly
642 1744 816 1775 sidamus

144 1798 184 1829 Di
202 1798 311 1830 hercle
331 1808 379 1830 me
400 1799 536 1839 cupiunt
553 1803 728 1830 seruatum.
764 1798 832 1830 Iam
853 1798 980 1830 oboluit
999 1798 1117 1830 Casina
1136 1799 1257 1839 procul.

227 1927 278 1952 754
295 1926 364 1952 nihil
443 1926 540 1959 pericli
560 1925 647 1956 ΑΒΕ,
668 1926 753 1960 pei-cli
772 1926 792 1952 Ι
867 1927 916 1952 756
935 1930 1090 1952 remoratur
1109 1926 1182 1953 BIE

143 1969 319 2001 remeligines
339 1977 388 1994 om*
408 1968 480 1994 ΒΙΕ
576 1969 626 1995 757
646 1977 766 2002 propero
785 1971 864 1995 tauto
884 1970 972 1995 minus
993 1968 1066 1995 ΒΙΕ
1167 1971 1216 1996 758
1236 1971 1258 1996 si

145 2012 227 2038 etiam
247 2012 269 2037 si
287 2012 314 2037 Α.
391 2011 527 2037 offendam
608 2011 847 2045 si....pr‹)deani
866 2020 909 2038 om
935 2011 1008 2038 BIE
1079 2014 1130 2038 760
1150 2013 1255 2046 Hymen

142 2056 223 2087 prius
240 2063 289 2081 om.
309 2055 333 2079 A
428 2055 478 2080 762
497 2054 616 2087 diruvupi
635 2055 773 2080 cantando
794 2054 840 2080 ΒΙ
938 2055 1056 2080 761-62
1075 2055 1258 2088 hymenaeum

144 2096 209 2123 licet
227 2096 273 2122 illo
342 2098 391 2122 763
411 2106 514 2130 aequus
535 2097 551 2122 I
618 2098 668 2122 765
687 2098 779 2130 crepui
799 2097 920 2123 hostium
941 2098 960 2123 Ι
1025 2098 1074 2124 766
1093 2099 1202 2124 casinus
1223 2097 1258 2131 Β,

146 2139 230 2166 casin'
249 2138 279 2164 E
