1596 2478
646 183 675 208 v,
695 184 804 209 54-81.
1227 186 1287 217 307

165 279 297 316 profecto
327 279 372 312 id,
408 279 487 315 quod
517 279 648 307 futurum
678 283 736 314 est,
772 290 829 308 non
859 289 953 308 curas.
1011 279 1122 308 Ritsch.
1150 280 1214 313 „Ita
1237 280 1285 308 es“

165 330 293 357 malebat
306 334 357 358 unt
371 329 436 365 „Ita
448 328 497 357 fit“
510 339 516 365 3
541 330 676 367 Seyffert.
691 332 718 358 in
733 330 839 358 Philol.
853 330 952 358 XXIX
964 340 993 368 p.
1009 331 1084 359 392:
1110 330 1284 365 „Itanest‘?“

164 395 203 399 —
228 378 336 415 nimio,
361 382 378 409 i.
402 391 427 408 e.
454 381 555 415 multo,
586 382 621 408 cf.
646 382 724 408 infra
750 382 806 409 141
833 385 863 409 et
887 381 924 409 ad
950 381 1053 410 Bacch.
1082 382 1149 409 120.
1174 396 1215 401 —
1240 382 1288 411 70.

164 431 273 460 Versus
307 432 385 460 iusto
422 432 555 467 longior,
589 432 613 458 si
648 442 713 460 cuni
744 432 854 468 Pylade
883 433 1009 461 scribas:
1058 432 1185 467 „Venire
1207 434 1288 471 quod

164 484 319 511 molestum
354 481 428 511 est“.
502 482 628 511 Guietus
665 482 809 520 „cupide“
846 484 991 519 tollebat3
1036 485 1146 513 Ritsch.
1182 486 1288 513 etiam:

167 534 309 569 „Ueuire,
340 535 419 571 quod
448 538 480 562 tu
509 533 615 562 nolis“.
683 534 744 562 Nos
779 530 873 563 Uenit
905 536 1077 573 scripsimus
1110 537 1290 564 assentiente

163 586 252 613 etium
276 585 422 613 Muellero
445 585 488 613 Pl.
514 585 596 613 Pros.
622 596 649 623 p.
678 586 736 613 150
761 589 820 613 not.
846 599 886 604 —
918 586 966 614 71.
996 594 1080 615 mmo
1101 585 1165 615 iam
1187 585 1200 615 i
1221 594 1288 616 rus.

163 636 190 664 R
215 634 260 671 „i‘'‘
287 637 398 664 deleto:
431 637 587 672 „nunciam
611 646 660 664 rus
684 640 714 664 te
738 635 874 671 amoue“,
899 637 950 665 sed
974 638 1034 665 vid.
1056 638 1092 665 ad
1110 638 1217 675 Amph.
1239 638 1287 666 38.

163 687 232 715 add.
256 688 323 715 Aul.
348 688 418 716 443.
448 702 490 707 —
520 688 568 715 72.
596 688 772 716 Ritschelius
799 686 937 722 „hercle“
963 688 1095 725 sustulit,
1125 689 1290 717 Lorenzius

166 737 301 774 ‚,erres“;
327 747 362 767 ne
385 746 468 767 erres
491 742 589 767 exstat
613 740 698 776 (apt.
723 739 799 776 prol.
828 740 875 768 14,
911 739 978 767 Ter.
1002 739 1095 768 Andr.
1121 741 1191 768 704.

250 791 298 818 73.
335 787 441 825 Satin,
477 800 502 818 v.
528 790 564 818 ad
588 790 695 827 Amph.
721 791 792 819 627.
822 805 863 809 —
892 792 941 819 77.
975 787 1034 819 huc
1057 791 1151 826 codd.⁷
1176 792 1289 821 Ritsch.

166 840 293 875 „uunc⁸·'.
312 857 353 861 —
374 843 422 870 78.
449 838 626 870 Paucorum
649 849 801 875 «mensum,
826 842 938 870 cibaria
956 842 1175 879 intelliguntur,
1200 846 1289 880 atque

163 893 237 921 adeo
261 894 385 930 pecunia
408 903 467 930 qua
490 904 526 921 ea
549 895 648 930 parari
673 896 811 930 possunt;
836 893 880 921 hae
905 898 1005 922 autem
1025 894 1156 931 reliquiae
1177 895 1289 932 exiguae

162 947 233 972 sunt
255 945 298 972 rei
322 944 486 972 familiaris.
532 944 575 972 De
600 944 694 972 forma
717 951 859 972 mensum
883 944 918 973 cf.
939 945 1081 973 Priscian.
1102 944 1154 973 VII
1173 955 1202 982 p.
1218 947 1288 980 771,

163 996 213 1032 qui
245 995 330 1023 ovid.
359 995 430 1023 Met.
463 995 547 1030 VIII,
585 997 644 1024 500
675 997 757 1024 citat.
814 996 911 1031 Neue,
946 995 1012 1024 Lat.
1043 995 1289 1025 Formenlehrel

162 1057 193 1084 p.
217 1048 278 1075 267
303 1057 346 1084 sq.
403 1046 488 1081 Quod
522 1050 620 1075 autem
651 1047 760 1075 dicitur
791 1048 866 1083 „nisi
894 1047 990 1082 redit,
1025 1057 1120 1084 pauca
1142 1047 1289 1084 restant“,

163 1108 221 1126 non
247 1099 323 1134 „nisi
346 1098 438 1132 redit,
467 1098 645 1135 peribimus,
675 1108 743 1126 nam
766 1109 861 1137 pauca
884 1096 1031 1133 restant“,
1063 1099 1152 1135 vulgo
1181 1100 1223 1127 sic
1245 1100 1289 1128 lo-

163 1151 290 1186 quimur,
315 1160 367 1177 nec
390 1152 435 1177 est
459 1149 539 1186 quod
563 1159 627 1177 cum
646 1149 809 1178 Ritschelio
832 1159 949 1178 versum
973 1149 1118 1178 excidisse
1140 1153 1287 1188 putemus,

163 1215 203 1218 —
228 1201 276 1228 80.
302 1200 373 1228 Post
396 1200 576 1236 corruptwn
598 1201 697 1228 hiatus
721 1201 751 1228 in
775 1211 894 1229 caesura.
946 1201 1057 1229 Ritsch.
1084 1199 1164 1237 „ita“
1190 1202 1289 1237 addit3

161 1251 263 1279 Muell.
292 1255 485 1288 „corruptum
514 1250 590 1280 iam“
623 1255 674 1280 aut
705 1252 794 1287 „olim
823 1251 977 1290 optum0“,
1006 1253 1140 1290 Buggius
1166 1253 1289 1289 „adule-

162 1300 314 1330 scentulo“
340 1303 452 1331 scribit.
466 1318 506 1322 —
526 1303 580 1331 Hic
603 1313 729 1341 quoque,
754 1305 784 1332 in
808 1305 889 1332 exitu
912 1313 1006 1332 scenae
1024 1304 1204 1332 Ritschelius
1227 1305 1290 1332 sine

162 1354 225 1382 ulla
258 1356 436 1382 necessitate
469 1364 587 1383 versum
622 1355 766 1383 excidisse
796 1356 918 1390 statuit,
953 1358 983 1383 et
1012 1356 1041 1383 in
1070 1357 1134 1384 eius
1162 1357 1289 1392 gratiam

162 1414 189 1432 v.
216 1406 254 1433 '79
279 1416 334 1443 pro
361 1404 498 1441 „eccum“
527 1406 593 1442 „hic
617 1404 725 1443 quom“
751 1406 865 1435 scribit.

249 1560 298 1588 81.
333 1559 519 1587 Philolaches
543 1560 715 1588 adulescens
738 1562 813 1596 exit,
848 1571 946 1589 secum
976 1571 1103 1598 querens
1126 1562 1205 1599 quod
1229 1563 1289 1591 fru-

163 1610 288 1647 galitate
311 1611 390 1638 omni
414 1611 531 1639 abiecta
553 1611 671 1639 libidini
700 1614 731 1640 et
759 1613 899 1649 nequitiae
922 1623 954 1640 se
977 1613 1095 1641 dederit
1118 1614 1290 1652 aedibusque

162 1662 277 1690 ruinam
302 1662 483 1690 minantibus
506 1662 675 1690 simillimus
695 1664 743 1691 sit.
789 1663 942 1692 Canticum
961 1665 1066 1701 gratiae
1083 1665 1214 1702 plenum,
1238 1666 1290 1694 sed

163 1713 314 1750 plerisque
344 1714 489 1750 prolixior
511 1714 606 1741 visum
631 1717 684 1749 est,
714 1717 744 1742 et
766 1724 818 1743 nos
842 1725 959 1753 quoque
982 1716 1013 1743 in
1035 1716 1135 1753 priore
1157 1716 1290 1744 editione

163 1764 278 1801 aliquot
300 1774 402 1793 versus
426 1765 508 1793 uncis
531 1766 720 1800 inclusimus3
755 1766 808 1794 sed
831 1767 984 1795 fatendum
1007 1769 1066 1801 est,
1096 1767 1178 1795 nulla
1208 1771 1290 1796 certa

162 1815 403 1853 interpolationis
427 1821 602 1854 argumenta
626 1817 716 1845 allata
739 1827 812 1845 esse.

250 1866 283 1895 V.
308 1868 345 1896 81
371 1870 549 1896 tetrameter
572 1868 756 1897 bacchiacus.
809 1869 847 1897 82
871 1872 939 1897 tetr.
964 1869 1064 1897 bacch.
1089 1869 1288 1898 catalecticus.

165 1918 289 1946 83—84
313 1919 481 1946 tetrametri
503 1919 661 1947 bacchiaci.
716 1921 755 1948 85
784 1921 980 1957 anapaesticus
1004 1920 1137 1949 dimeter.
1183 1921 1222 1949 86
1246 1923 1290 1949 te-

163 1971 304 1996 trameter
328 1969 512 1998 bacchiacus.
553 1971 591 1998 87
616 1971 758 1998 iambicus
783 1971 908 1999 dimeter
931 1971 1128 2000 catalecticus.
1163 1972 1288 2000 88—90

162 2021 331 2048 tetrametri
355 2020 514 2049 bacchiaci.
566 2022 603 2049 91
635 2023 830 2060 anapaesticus
860 2021 993 2050 dimeter.
1048 2023 1174 2051 92—94
1196 2026 1288 2051 tetra-

162 2071 250 2098 metri
272 2070 430 2100 bacchiaci.
478 2073 516 2100 95
540 2072 714 2101 bacchiacus
738 2073 864 2101 dimeter
887 2083 951 2101 cum
974 2073 1115 2102 trochaeo.
1162 2075 1287 2103 96—98

162 2123 329 2150 tetrametri
352 2123 512 2151 bacchiaci.
554 2124 592 2152 99
616 2124 758 2152 iambicus
782 2124 906 2152 dimeter
929 2124 1126 2153 catalecticus.
1165 2126 1286 2154 100—-1

1034 2181 1083 2208 20·
