1596 2478
140 207 174 238 ΙΙ,
193 207 215 238 3,
233 206 334 233 52—65
613 205 791 232 Menaechmi.
1199 205 1255 234 187

140 300 242 341 Saepe
265 300 388 338 tritam,
412 309 510 339 saepe
534 298 639 337 fixam,
664 310 760 340 saepe
785 309 953 331 excussam
978 298 1103 330 malleo.

139 354 237 392 Quasi
261 354 407 394 supellex
431 353 603 394 pellionist‚
630 353 722 393 palus
745 354 820 394 palo
846 355 1049 394 proxumust.

604 430 629 460 E
637 441 653 461 r
661 440 679 461 0
687 430 717 461 ti
726 441 746 461 u
756 440 786 461 m

139 485 206 517 Iam
218 495 274 523 me,
294 484 419 522 amabo,
439 484 550 516 desine
570 483 665 515 ludos
681 484 788 516 facere
802 488 899 525 atque
913 485 923 515 i
936 483 997 515 hac
1010 493 1134 515 mecum
1149 482 1255 514 simul.

557 560 838 592 Menaechmus

139 616 255 647 Nescio
278 626 383 656 quem,
408 615 531 652 mulier,
555 615 654 646 alium
678 615 852 649 hominem,
878 625 941 646 non
966 625 1015 645 me
1039 615 1216 656 quaeritas.

603 692 784 723 Erotium

139 746 210 778 Non
230 756 287 786 ego
305 749 337 778 te
357 747 441 784 noui,
456 747 710 778 Menaechmum.
726 745 858 778 Moscho
872 748 1065 786 prognatum
1083 747 1186 785 patre,
1206 753 1257 778 400

139 800 201 839 Qui
224 801 391 842 Syracusis
414 801 585 842 perhibere
611 804 706 832 uatus
731 811 801 832 esse
825 801 857 830 in
882 799 1002 835 Sicilia,

140 854 202 886 Ubi
226 866 280 886 rex
306 855 499 895 Agathocles
523 858 676 894 regnator
699 854 771 893 fuit,
796 858 828 886 et
851 855 968 885 iterum
992 853 1132 887 Phintia,

138 909 281 941 Tertium
305 909 432 950 Liparo,
456 911 511 950 qui
535 910 567 940 in
592 912 693 940 morte
718 919 851 949 regnum
877 908 1011 940 Hieroni
1034 908 1180 946 tradidit,

139 963 232 995 Nunc
256 964 354 995 Hiero
377 964 450 996 est?

556 1034 588 1066 M
597 1045 613 1066 e
623 1045 642 1066 n
652 1045 671 1066 a
679 1045 695 1066 e
704 1045 720 1066 c
729 1034 749 1065 h
757 1045 787 1066 m
795 1045 815 1066 u
823 1045 838 1066 s

406 1089 501 1121 Haud
525 1089 618 1128 falsa,
641 1089 763 1128 mulier,
791 1088 971 1131 praedicas.

596 1165 627 1197 M
636 1176 652 1197 e
661 1177 675 1197 s
683 1177 697 1197 s
708 1176 724 1198 e
731 1166 795 1197 nio

1018 1208 1078 1239 Pro
1101 1208 1257 1248 Iuppiter,

139 1265 221 1296 Num
242 1265 344 1296 istaec
362 1264 478 1296 mulier
495 1264 584 1295 illinc
604 1264 701 1302 uenit⁷
723 1273 805 1303 quae
831 1266 863 1294 te
888 1262 979 1294 nouit
1001 1265 1068 1294 tam
1093 1263 1188 1293 cate?
1208 1271 1258 1295 405

557 1395 588 1426 M
596 1406 614 1427 e
621 1406 640 1426 n
650 1405 669 1426 a
677 1405 694 1426 e
702 1405 719 1426 c
726 1395 747 1426 h
756 1406 786 1426 m
795 1406 815 1425 u
825 1405 839 1426 s

140 1450 266 1488 Hercle,
291 1451 414 1491 opinor,
438 1450 610 1491 pernegari
634 1460 697 1481 non
721 1452 839 1490 potest.

597 1526 797 1558 Messenia

897 1580 945 1611 Ne
969 1580 1095 1611 feceris.

140 1624 279 1663 Periisti,
303 1626 329 1656 si
353 1625 504 1656 intrassis
527 1625 615 1655 intra
637 1623 746 1655 limen.

559 1700 839 1733 Menaechmus

797 1755 881 1793 Quin
905 1759 941 1786 tu
966 1762 1037 1787 tace
1063 1755 1167 1786 modo.

141 1810 228 1843 Bene
251 1821 303 1842 res
327 1811 464 1851 geritur3
489 1809 699 1847 adsentabor,
723 1809 882 1850 quidquid
909 1809 1003 1847 dicet,
1026 1809 1165 1847 mulieri,

142 1865 175 1896 Si
200 1875 329 1906 possum
353 1865 531 1905 hospitium
555 1864 709 1896 nancisci.
756 1863 824 1894 Iam
849 1863 980 1901 dudum,
1005 1863 1129 1901 mulier,
1155 1863 1216 1895 tibi

209 1985 257 2011 397
276 1984 362 2017 Quam
383 1984 404 2009 si
493 1983 622 2016 pellionis
710 1984 760 2009 395
780 1992 823 2009 me
843 1991 892 2009 οηι,
975 1983 1060 2008 semel
1080 1982 1112 2014 B,
1133 1982 1220 2008 semul
1240 1982 1259 2008 C

141 2028 191 2053 399
210 2027 278 2053 Nam
299 2035 378 2060 quem
401 2026 422 2053 C
499 2025 549 2052 400
566 2027 758 2052 menechmum
779 2034 872 2051 moseo
893 2025 919 2051 Β
997 2027 1044 2050 401
1066 2025 1213 2051 siractissis
1233 2025 1260 2051 Β

210 2070 287 2096 scilia
307 2070 340 2101 B,
359 2070 453 2103 sycilia
474 2069 495 2095 G
556 2071 606 2094 402
626 2069 735 2102 pinthia
801 2070 851 2094 403
870 2071 960 2093 moste
981 2067 1003 2094 G
1068 2068 1116 2094 404
1136 2068 1212 2094 hiero
1231 2077 1259 2094 es

142 2112 212 2138 hami
234 2112 255 2138 C
311 2112 391 2138 Msss.
410 2120 460 2138 om.
480 2111 506 2137 Β
564 2113 613 2137 405
631 2112 685 2137 ista
704 2112 754 2137 hec
775 2111 800 2137 B
855 2112 938 2137 illunc
957 2110 984 2136 Β
1034 2112 1098 2137 Post
1115 2113 1164 2136 405
1182 2112 1259 2137 nulla

143 2155 242 2182 lactina
311 2157 360 2181 405
379 2155 458 2181 Ercle
478 2153 505 2179 B
574 2157 637 2188 post
658 2153 680 2180 C
747 2155 806 2180 sine
826 2153 852 2180 Β
922 2156 972 2179 409
990 2162 1087 2188 pesum
1108 2153 1129 2180 C
