1596 2478
559 150 589 176 V.
607 151 767 177 996—1030.
1164 154 1223 182 369

109 248 196 276 1013.
222 244 324 276 aiebat
346 247 391 276 ed.
412 257 456 285 pr.
482 263 520 266 —
549 247 637 276 1014.
663 245 712 275 hic
735 247 813 276 Cam.
834 257 900 279 em..
924 247 959 276 cf.
979 248 1048 276 740.
1073 261 1108 266 —
1132 248 1222 276 1017.

111 296 219 329 Uicine
241 298 354 327 Aeidal.
379 308 434 327 em.
459 313 498 318 —
526 300 615 327 1018.
654 296 804 328 Turbauit
827 298 872 326 ed.
896 308 952 336 pr.,
977 299 1012 327 cs.
1037 299 1108 326 407.
1155 298 1225 326 Post

105 346 207 378 Immo
227 350 323 378 hiatus
345 350 374 377 in
394 360 513 378 caesura.
550 350 645 384 Both.‚
666 350 698 378 R.
716 350 791 385 ,‚mi‘⁴
808 350 930 385 addunt,
943 349 1078 378 Mueller.
1095 348 1224 385 ,‚enim‘·.

104 402 210 434 Immo,
245 402 355 439 inquit,
390 411 447 429 nou
476 401 610 429 turbavit
638 401 732 429 solum
764 411 824 431 res,
865 401 916 430 sed
947 403 989 429 ita
1011 400 1157 435 turbavit,
1192 403 1226 428 ut

105 445 203 480 omnia
226 453 368 480 everterit
397 462 570 489 omnemque
600 462 660 479 rem
689 452 863 480 familiarem
888 453 1038 488 exegerit,
1071 452 1106 481 cf.
1134 451 1224 481 1093.

46 500 48 505 '
105 503 246 540 Sequitur
270 504 297 531 in
323 503 407 532 codd.
433 513 542 535 versus,
568 513 653 541 quem
672 503 713 531 sic
732 503 824 532 edidit
845 503 940 532 Cam:
968 503 1026 538 „Te
1044 503 1226 532 ludificatust

106 558 136 582 et
159 564 203 582 me
234 555 319 583 hodie
349 554 480 590 indignis
503 554 630 587 modis“,
666 554 698 582 R.
725 564 788 582 cum
819 554 939 582 Bothio:
980 554 1227 588 „Deludificatust

106 615 150 633 me
178 605 266 634 hodie
298 606 426 642 indignis
451 604 576 634 inodis“.
634 605 667 633 In
691 605 828 643 Parergis
858 609 955 633 tamen
984 615 1012 643 p.
1038 607 1098 634 473
1132 607 1223 634 anim-

105 657 234 685 advertit
267 657 343 685 hunc
376 666 493 685 versum
527 661 587 685 tam
621 658 745 685 similem
777 666 839 685 esso
869 657 966 684 versui
999 658 1094 691 1020,
1132 661 1166 685 ut
1189 657 1225 686 de

106 708 230 736 delendo
253 708 347 736 altero
366 709 492 745 cogitari
513 709 615 746 possit.
650 709 814 737 Lorenzius
832 711 862 735 et
880 708 1012 744 Buggius
1030 709 1226 745 posteriorem

106 759 258 794 delerunt3
294 759 363 787 mihi
393 759 511 797 quidem
540 761 687 797 posterior
715 764 745 788 et
774 769 861 788 sanus
891 762 919 786 et
948 768 1001 787 suo
1026 758 1088 787 loco
1112 761 1227 797 positus

106 810 232 845 videtur,
256 810 332 839 hunc
355 811 427 839 ferri
450 821 537 848 posse
562 820 644 847 nego.
671 826 710 830 —
743 811 833 839 1019.
858 809 907 838 ais
930 809 975 838 ed.
1000 819 1044 847 pr.
1069 825 1110 829 —
1136 811 1225 839 1020.

106 859 140 890 in
156 860 344 898 pevpetuum
371 858 512 896 modum,
547 873 574 890 v.
598 862 634 890 ad
663 863 730 891 143.
761 877 802 881 —
834 862 924 890 1022.
960 861 1069 889 Versus
1097 863 1227 890 numeris

106 913 282 948 destitutus;
317 913 368 941 R.:
400 913 431 946 „I
455 923 576 948 mecum,
602 917 630 942 te
654 914 787 948 obsecro,
812 923 870 941 una
893 922 970 940 nunc
993 910 1112 941 simul“.
1169 913 1227 941 Sed

105 966 270 993 necessario
293 964 447 992 dicendum
473 969 516 992 est
535 964 570 992 ad
589 964 735 993 Simonem
755 974 821 992 eum
840 965 954 992 intrare
973 973 1090 1001 cupere.
1124 965 1228 1002 Itaque

106 1019 157 1044 aut
182 1015 238 1049 „ad
261 1013 308 1043 te“
335 1015 504 1044 addendum
529 1019 581 1044 aut
604 1014 697 1049 intro,
722 1020 755 1044 ut
779 1016 905 1044 Palmer.
931 1015 1111 1044 Sonnensch.
1157 1016 1229 1044 Post

106 1076 216 1094 mecum
242 1067 340 1094 hiatus
362 1067 392 1094 iu
412 1076 531 1095 caesura.
550 1083 591 1086 —
613 1068 702 1097 1024.
726 1064 848 1096 Eadem
871 1073 975 1103 opera,
998 1066 1034 1094 cf.
1054 1066 1138 1104 capt.
1154 1067 1226 1095 449.

107 1118 177 1146 Post
199 1117 262 1146 haec
284 1117 382 1146 hiatus
406 1119 434 1146 in
459 1128 577 1147 caesura.
624 1119 674 1147 R..
704 1118 833 1153 „Eadem
858 1128 912 1155 ego
936 1127 1028 1155 opera
1052 1118 1124 1146 haec
1149 1119 1228 1147 intus

106 1169 198 1205 tibi“;
225 1169 370 1197 Muellen:
399 1168 503 1204 „Sume
516 1169 590 1198 tibi“
606 1170 653 1198 vel
670 1168 786 1205 „hiue“.
810 1185 844 1188 —
870 1170 960 1197 1025.
983 1165 1036 1197 ille
1049 1166 1230 1205 ludificatus

106 1220 153 1249 est
175 1220 254 1248 Cam.
278 1223 395 1249 remoto
419 1221 509 1249 verbo
532 1222 668 1250 inaudito
692 1225 721 1250 et
744 1221 862 1259 expleta
884 1221 1000 1256 lacuna,
1031 1231 1118 1258 quam
1143 1222 1227 1250 codd.

106 1271 234 1309 quodam
258 1272 346 1300 modo
370 1272 547 1309 significant.
606 1272 702 1307 Both„
726 1272 837 1310 Bugg.:
877 1272 967 1307 „Quis
996 1272 1062 1300 med
1086 1273 1230 1311 exemplis

107 1323 193 1350 hodie
217 1321 297 1351 lud.“
356 1323 490 1351 Mueller.
516 1323 598 1352 Pros.
622 1334 650 1361 p.
677 1325 746 1360 507,
772 1333 862 1361 quum
885 1321 956 1361 quis
979 1323 1126 1352 ablativus
1150 1324 1229 1361 apud

107 1374 243 1402 Plautum
268 1384 326 1402 non
350 1374 420 1402 alibi
443 1375 621 1409 inveniatur,
646 1385 824 1413 quamquam
844 1375 923 1412 apud
941 1375 1114 1403 Terentium
1134 1378 1230 1404 exstet

106 1425 199 1453 Andr.
214 1426 283 1460 630,
310 1424 459 1460 „Quibus“
487 1429 538 1454 aut
559 1425 656 1461 „Quot
678 1424 720 1455 is“
741 1426 934 1455 substitutum
957 1426 1062 1454 voluit.
1104 1426 1162 1454 Pro
1183 1424 1232 1455 est

109 1476 220 1504 Becker
243 1477 273 1504 in
297 1476 428 1504 Studem.
453 1476 537 1505 Stud.
563 1477 575 1505 Ι
598 1487 627 1515 p.
653 1478 712 1506 245
741 1476 815 1513 ‚,sit“
840 1477 983 1515 postulat.

196 1528 285 1556 1026.
320 1527 482 1565 Postquam
511 1538 594 1557 senes
617 1529 744 1558 Simonis
772 1529 892 1557 domum
915 1529 1084 1564 intrarunt,
1120 1528 1229 1557 Tranio

108 1579 169 1606 exit
191 1578 346 1607 trochaicis
369 1581 555 1616 septenariis,
581 1581 652 1618 quid
676 1582 778 1609 fecerit
799 1584 826 1608 et
844 1580 916 1618 quid
936 1583 1044 1617 speret,
1069 1589 1229 1617 exponens.

109 1630 130 1658 B
155 1633 184 1657 et
203 1629 225 1658 C
245 1630 320 1658 hanc
343 1640 459 1658 scenam
484 1641 549 1659 cum
573 1633 708 1668 proxima
727 1629 768 1669 (v.
786 1629 880 1668 1046)
899 1632 1040 1667 iunguut;
1070 1632 1096 1658 A
1119 1631 1229 1659 rectius

106 1681 179 1709 duas
193 1682 272 1710 facit.
313 1681 443 1710 Primum
458 1692 573 1711 versum
587 1683 673 1711 affert
687 1683 852 1712 Priscianus
867 1683 905 1710 VI
918 1694 946 1720 p.
961 1683 1022 1711 682
1037 1682 1067 1717 P,
1084 1682 1136 1710 ubi
1149 1686 1230 1710 recte

108 1729 211 1761 dubiis
239 1733 380 1770 scriptum
413 1737 466 1761 est.
522 1731 615 1762 nauci
642 1741 718 1769 non,
753 1735 852 1769 nihili,
888 1745 914 1762 v.
939 1734 975 1762 ad
1006 1733 1111 1762 Bacch.
1139 1735 1229 1762 1099.

107 1799 148 1803 —
169 1785 250 1812 1027
273 1784 359 1812 affert
376 1784 480 1813 Festus
501 1796 530 1823 p.
547 1786 614 1814 166.
662 1785 817 1824 Propriam
837 1788 951 1823 antiqui
975 1785 1113 1814 vocabuli
1136 1786 1228 1822 sigui-

107 1835 273 1864 ficntionem
312 1837 369 1864 iam
404 1835 503 1864 Plauti
542 1839 678 1874 tempore
712 1838 844 1873 ignotam
880 1837 970 1865 fuisse
1003 1836 1088 1865 facile
1124 1837 1229 1873 credo3

108 1886 246 1914 Plautum
276 1887 307 1915 id
336 1897 453 1915 curasse
483 1897 541 1916 non
571 1889 675 1918 credo.
711 1899 763 1916 nec
787 1892 847 1916 tam
873 1889 1009 1926 putidum
1033 1898 1150 1916 versum
1173 1899 1229 1927 pro

108 1939 235 1975 genuino
270 1938 373 1966 habeo.
429 1938 542 1966 Eadem
577 1940 722 1967 sententia
757 1939 814 1967 fuit
843 1940 985 1975 Bonneti,
1018 1940 1125 1968 Annal.
1155 1940 1228 1978 phil.

108 1989 173 2017 CXI
196 2000 225 2028 p.
251 1990 321 2018 885.
357 2004 398 2008 —
435 1991 523 2018 1028.
559 1987 660 2026 Nam,
695 2000 722 2019 v.
747 1990 783 2018 ad
809 1992 879 2019 857.
913 2005 955 2010 —-
987 1987 1089 2028 filium
1119 1990 1153 2020 ut
1175 1992 1230 2019 hoc

108 2040 211 2068 ordine
234 2041 333 2077 Both„
357 2041 400 2074 R..
424 2044 494 2070 cett.
519 2055 560 2060 —
587 2043 675 2070 1029.
705 2038 784 2070 Abii
806 2038 862 2070 ‘illa
885 2042 983 2078 Cam.;
1016 2042 1119 2077 „illac“
1148 2043 1228 2072 Brix.

109 2106 149 2110 —
187 2093 275 2120 1030.
310 2089 406 2127 horti;
442 2092 491 2120 R.:
529 2092 627 2127 „eius“
662 2094 799 2128 licenter3
835 2094 1100 2122 demonstrativum
1130 2095 1229 2123 omitti

992 2150 1026 2176 24
