<?xml version="1.0" encoding="UTF-8"?>
<!DOCTYPE html PUBLIC "-//W3C//DTD XHTML 1.0 Transitional//EN"
    "http://www.w3.org/TR/xhtml1/DTD/xhtml1-transitional.dtd">
<html xmlns="http://www.w3.org/1999/xhtml" xml:lang="en" lang="en">
 <head>
  <title>
</title>
<meta http-equiv="Content-Type" content="text/html;charset=utf-8" />
  <meta name='ocr-system' content='tesseract 3.04.00' />
  <meta name='ocr-capabilities' content='ocr_page ocr_carea ocr_par ocr_line ocrx_word'/>
</head>
<body>
  <div class='ocr_page' id='page_1' title='image "./comoediaerecensu03plauuoft_0025.png"; bbox 0 0 1596 2478; ppageno 0'>
   <div class='ocr_carea' id='block_1_1' title="bbox 148 198 1264 233">
    <p class='ocr_par' dir='ltr' id='par_1_1' title="bbox 148 198 1264 233">
     <span class='ocr_line' id='line_1_1' title="bbox 148 198 1264 233; baseline -0.005 -7"><span class='ocrx_word' id='word_1_1' title='bbox 148 200 183 232; x_wconf 76' lang='lat'>11,</span> <span class='ocrx_word' id='word_1_2' title='bbox 203 201 226 233; x_wconf 82' lang='lat'>3,</span> <span class='ocrx_word' id='word_1_3' title='bbox 245 199 328 225; x_wconf 71' lang='lat' dir='ltr'>ss—lss</span> <span class='ocrx_word' id='word_1_4' title='bbox 656 198 762 224; x_wconf 77' lang='lat' dir='ltr'>Casina.</span> <span class='ocrx_word' id='word_1_5' title='bbox 1229 201 1264 231; x_wconf 85' lang='lat'>17</span> 
     </span>
    </p>
   </div>
   <div class='ocr_carea' id='block_1_2' title="bbox 146 291 1269 767">
    <p class='ocr_par' dir='ltr' id='par_1_2' title="bbox 148 291 1265 378">
     <span class='ocr_line' id='line_1_2' title="bbox 148 291 1265 334; baseline -0.001 -9"><span class='ocrx_word' id='word_1_6' title='bbox 148 295 208 333; x_wconf 82' lang='lat' dir='ltr'>Qui</span> <span class='ocrx_word' id='word_1_7' title='bbox 232 294 384 334; x_wconf 73' lang='lat' dir='ltr'>quoniam</span> <span class='ocrx_word' id='word_1_8' title='bbox 409 303 482 324; x_wconf 87' lang='lat' dir='ltr'>amo</span> <span class='ocrx_word' id='word_1_9' title='bbox 505 291 667 324; x_wconf 76' lang='lat' dir='ltr'>Casinam.</span> <span class='ocrx_word' id='word_1_10' title='bbox 696 293 798 332; x_wconf 70' lang='lat' dir='ltr'>magis</span> <span class='ocrx_word' id='word_1_11' title='bbox 824 293 920 323; x_wconf 79' lang='lat' dir='ltr'>nimio</span> <span class='ocrx_word' id='word_1_12' title='bbox 947 293 1115 324; x_wconf 84' lang='lat' dir='ltr'>munditiis</span> <span class='ocrx_word' id='word_1_13' title='bbox 1140 293 1265 324; x_wconf 86' lang='lat' dir='ltr'>Mundi—</span> 
     </span>
     <span class='ocr_line' id='line_1_3' title="bbox 861 347 1101 378; baseline 0.004 -1"><span class='ocrx_word' id='word_1_14' title='bbox 861 347 936 377; x_wconf 86' lang='lat' dir='ltr'>tiam</span> <span class='ocrx_word' id='word_1_15' title='bbox 961 347 1101 378; x_wconf 75' lang='lat' dir='ltr'>antideo.</span> 
     </span>
    </p>

    <p class='ocr_par' dir='ltr' id='par_1_3' title="bbox 149 400 1265 443">
     <span class='ocr_line' id='line_1_4' title="bbox 149 400 1265 443; baseline -0.002 -8"><span class='ocrx_word' id='word_1_16' title='bbox 149 402 332 443; x_wconf 80' lang='lat' dir='ltr'>Myropolas</span> <span class='ocrx_word' id='word_1_17' title='bbox 356 402 459 433; x_wconf 85' lang='lat' dir='ltr'>omnis</span> <span class='ocrx_word' id='word_1_18' title='bbox 483 400 636 439; x_wconf 79' lang='lat' dir='ltr'>sollicit03</span> <span class='ocrx_word' id='word_1_19' title='bbox 661 400 857 441; x_wconf 85' lang='lat' dir='ltr'>ubicumque</span> <span class='ocrx_word' id='word_1_20' title='bbox 881 405 931 433; x_wconf 88' lang='lat' dir='ltr'>est</span> <span class='ocrx_word' id='word_1_21' title='bbox 953 400 1098 442; x_wconf 86' lang='lat' dir='ltr'>lepidum</span> <span class='ocrx_word' id='word_1_22' title='bbox 1121 411 1265 442; x_wconf 86' lang='lat' dir='ltr'>unguen-</span> 
     </span>
    </p>

    <p class='ocr_par' dir='ltr' id='par_1_4' title="bbox 447 459 1092 495">
     <span class='ocr_line' id='line_1_5' title="bbox 447 459 1092 495; baseline 0.003 -9"><span class='ocrx_word' id='word_1_23' title='bbox 447 461 449 464; x_wconf 89' lang='grc'><strong>’</strong></span> <span class='ocrx_word' id='word_1_24' title='bbox 863 459 930 486; x_wconf 92' lang='lat' dir='ltr'>tum</span> <span class='ocrx_word' id='word_1_25' title='bbox 957 465 1092 495; x_wconf 82' lang='lat' dir='ltr'>unguor,</span> 
     </span>
    </p>

    <p class='ocr_par' dir='ltr' id='par_1_5' title="bbox 151 508 1265 604">
     <span class='ocr_line' id='line_1_6' title="bbox 151 508 1265 551; baseline -0.002 -8"><span class='ocrx_word' id='word_1_26' title='bbox 151 512 192 544; x_wconf 86' lang='lat' dir='ltr'>Ut</span> <span class='ocrx_word' id='word_1_27' title='bbox 215 511 260 542; x_wconf 86' lang='lat' dir='ltr'>illi</span> <span class='ocrx_word' id='word_1_28' title='bbox 287 510 449 551; x_wconf 69' lang='lat' dir='ltr'>placeam3</span> <span class='ocrx_word' id='word_1_29' title='bbox 485 513 517 540; x_wconf 90' lang='lat' dir='ltr'>et</span> <span class='ocrx_word' id='word_1_30' title='bbox 547 509 672 549; x_wconf 80' lang='lat' dir='ltr'>placeo,</span> <span class='ocrx_word' id='word_1_31' title='bbox 704 514 739 540; x_wconf 82' lang='lat' dir='ltr'>ut</span> <span class='ocrx_word' id='word_1_32' title='bbox 769 509 890 540; x_wconf 80' lang='lat' dir='ltr'>uideor.</span> <span class='ocrx_word' id='word_1_33' title='bbox 938 508 1001 541; x_wconf 86' lang='lat' dir='ltr'>Sed</span> <span class='ocrx_word' id='word_1_34' title='bbox 1031 520 1112 541; x_wconf 87' lang='lat' dir='ltr'>uxor</span> <span class='ocrx_word' id='word_1_35' title='bbox 1141 520 1190 541; x_wconf 86' lang='lat' dir='ltr'>me</span> <span class='ocrx_word' id='word_1_36' title='bbox 1213 520 1265 541; x_wconf 84' lang='lat' dir='ltr'>ex-</span> 
     </span>
     <span class='ocr_line' id='line_1_7' title="bbox 862 564 1212 604; baseline 0.003 -10"><span class='ocrx_word' id='word_1_37' title='bbox 862 564 995 601; x_wconf 82' lang='lat' dir='ltr'>cruciat,</span> <span class='ocrx_word' id='word_1_38' title='bbox 1020 564 1097 604; x_wconf 85' lang='lat' dir='ltr'>quia</span> <span class='ocrx_word' id='word_1_39' title='bbox 1120 564 1212 595; x_wconf 86' lang='lat' dir='ltr'>uiuit.</span> 
     </span>
    </p>

    <p class='ocr_par' dir='ltr' id='par_1_6' title="bbox 146 617 1269 711">
     <span class='ocr_line' id='line_1_8' title="bbox 146 617 1266 658; baseline -0.002 -7"><span class='ocrx_word' id='word_1_40' title='bbox 146 619 285 651; x_wconf 86' lang='lat' dir='ltr'>Tristem</span> <span class='ocrx_word' id='word_1_41' title='bbox 315 618 446 649; x_wconf 87' lang='lat' dir='ltr'>adstare</span> <span class='ocrx_word' id='word_1_42' title='bbox 475 617 631 658; x_wconf 84' lang='lat' dir='ltr'>adspicio.</span> <span class='ocrx_word' id='word_1_43' title='bbox 695 617 817 648; x_wconf 82' lang='lat' dir='ltr'>Blande</span> <span class='ocrx_word' id='word_1_44' title='bbox 847 617 928 648; x_wconf 84' lang='lat' dir='ltr'>haec</span> <span class='ocrx_word' id='word_1_45' title='bbox 959 617 1036 648; x_wconf 87' lang='lat' dir='ltr'>mihi</span> <span class='ocrx_word' id='word_1_46' title='bbox 1066 617 1151 649; x_wconf 81' lang='lat' dir='ltr'>mala</span> <span class='ocrx_word' id='word_1_47' title='bbox 1181 628 1266 650; x_wconf 88' lang='lat' dir='ltr'>mers</span> 
     </span>
     <span class='ocr_line' id='line_1_9' title="bbox 859 671 1269 711; baseline 0.01 -9"><span class='ocrx_word' id='word_1_48' title='bbox 859 671 1056 711; x_wconf 82' lang='lat' dir='ltr'>adpellanda</span> <span class='ocrx_word' id='word_1_49' title='bbox 1080 676 1138 704; x_wconf 89' lang='lat' dir='ltr'>est.</span> <span class='ocrx_word' id='word_1_50' title='bbox 1218 682 1269 706; x_wconf 84' lang='lat'>210</span> 
     </span>
    </p>

    <p class='ocr_par' dir='ltr' id='par_1_7' title="bbox 151 725 987 767">
     <span class='ocr_line' id='line_1_10' title="bbox 151 725 987 767; baseline -0.005 -7"><span class='ocrx_word' id='word_1_51' title='bbox 151 728 239 760; x_wconf 88' lang='lat' dir='ltr'>Uxor</span> <span class='ocrx_word' id='word_1_52' title='bbox 262 737 335 758; x_wconf 87' lang='lat' dir='ltr'>mea</span> <span class='ocrx_word' id='word_1_53' title='bbox 359 737 494 767; x_wconf 84' lang='lat' dir='ltr'>meaque</span> <span class='ocrx_word' id='word_1_54' title='bbox 519 726 708 761; x_wconf 77' lang='lat' dir='ltr'>amoenitas,</span> <span class='ocrx_word' id='word_1_55' title='bbox 733 725 810 766; x_wconf 90' lang='lat' dir='ltr'>quid</span> <span class='ocrx_word' id='word_1_56' title='bbox 834 729 870 756; x_wconf 90' lang='lat' dir='ltr'>tu</span> <span class='ocrx_word' id='word_1_57' title='bbox 894 726 987 765; x_wconf 75' lang='lat' dir='ltr'>agis?</span> 
     </span>
    </p>
   </div>
   <div class='ocr_carea' id='block_1_3' title="bbox 589 796 1266 893">
    <p class='ocr_par' dir='ltr' id='par_1_8' title="bbox 589 796 1266 893">
     <span class='ocr_line' id='line_1_11' title="bbox 589 796 828 828; baseline -0.004 0"><span class='ocrx_word' id='word_1_58' title='bbox 589 796 654 828; x_wconf 86' lang='lat' dir='ltr'>Cle</span> <span class='ocrx_word' id='word_1_59' title='bbox 663 807 680 827; x_wconf 95' lang='lat' dir='ltr'>o</span> <span class='ocrx_word' id='word_1_60' title='bbox 689 808 703 828; x_wconf 88' lang='lat' dir='ltr'>s</span> <span class='ocrx_word' id='word_1_61' title='bbox 711 800 725 828; x_wconf 87' lang='lat' dir='ltr'>t</span> <span class='ocrx_word' id='word_1_62' title='bbox 734 807 749 827; x_wconf 90' lang='lat' dir='ltr'>r</span> <span class='ocrx_word' id='word_1_63' title='bbox 757 807 776 828; x_wconf 91' lang='lat' dir='ltr'>a</span> <span class='ocrx_word' id='word_1_64' title='bbox 789 800 801 827; x_wconf 93' lang='lat' dir='ltr'>t</span> <span class='ocrx_word' id='word_1_65' title='bbox 809 807 828 827; x_wconf 85' lang='lat' dir='ltr'>a</span> 
     </span>
     <span class='ocr_line' id='line_1_12' title="bbox 769 850 1266 893; baseline 0.006 -12"><span class='ocrx_word' id='word_1_66' title='bbox 769 850 827 882; x_wconf 88' lang='lat' dir='ltr'>Abi</span> <span class='ocrx_word' id='word_1_67' title='bbox 852 854 951 893; x_wconf 84' lang='lat' dir='ltr'>atque</span> <span class='ocrx_word' id='word_1_68' title='bbox 975 851 1102 883; x_wconf 82' lang='lat' dir='ltr'>abstine</span> <span class='ocrx_word' id='word_1_69' title='bbox 1127 863 1266 884; x_wconf 87' lang='lat' dir='ltr'>manum.</span> 
     </span>
    </p>
   </div>
   <div class='ocr_carea' id='block_1_4' title="bbox 149 922 1229 1171">
    <p class='ocr_par' dir='ltr' id='par_1_9' title="bbox 149 922 1229 1171">
     <span class='ocr_line' id='line_1_13' title="bbox 589 922 827 963; baseline 0 -10"><span class='ocrx_word' id='word_1_70' title='bbox 589 922 827 963; x_wconf 86' lang='lat' dir='ltr'>Lysidamus</span> 
     </span>
     <span class='ocr_line' id='line_1_14' title="bbox 149 977 1229 1015; baseline 0 -6"><span class='ocrx_word' id='word_1_71' title='bbox 149 978 241 1015; x_wconf 77' lang='lat' dir='ltr'>Heia,</span> <span class='ocrx_word' id='word_1_72' title='bbox 267 988 337 1008; x_wconf 81' lang='lat' dir='ltr'>mea</span> <span class='ocrx_word' id='word_1_73' title='bbox 360 977 448 1013; x_wconf 67' lang='lat' dir='ltr'>Iuno,</span> <span class='ocrx_word' id='word_1_74' title='bbox 474 987 537 1008; x_wconf 86' lang='lat' dir='ltr'>non</span> <span class='ocrx_word' id='word_1_75' title='bbox 562 977 655 1008; x_wconf 77' lang='lat' dir='ltr'>decet</span> <span class='ocrx_word' id='word_1_76' title='bbox 679 988 748 1008; x_wconf 86' lang='lat' dir='ltr'>esse</span> <span class='ocrx_word' id='word_1_77' title='bbox 773 981 804 1007; x_wconf 79' lang='lat' dir='ltr'>te</span> <span class='ocrx_word' id='word_1_78' title='bbox 830 980 896 1008; x_wconf 85' lang='lat' dir='ltr'>tam</span> <span class='ocrx_word' id='word_1_79' title='bbox 920 978 1045 1009; x_wconf 83' lang='lat' dir='ltr'>tristem</span> <span class='ocrx_word' id='word_1_80' title='bbox 1068 981 1125 1009; x_wconf 85' lang='lat' dir='ltr'>tuo</span> <span class='ocrx_word' id='word_1_81' title='bbox 1149 978 1229 1009; x_wconf 92' lang='lat' dir='ltr'>Ioui.</span> 
     </span>
     <span class='ocr_line' id='line_1_15' title="bbox 151 1031 448 1070; baseline -0.01 -6"><span class='ocrx_word' id='word_1_82' title='bbox 151 1031 221 1070; x_wconf 89' lang='lat' dir='ltr'>Quo</span> <span class='ocrx_word' id='word_1_83' title='bbox 245 1042 329 1063; x_wconf 86' lang='lat' dir='ltr'>nunc</span> <span class='ocrx_word' id='word_1_84' title='bbox 352 1031 448 1062; x_wconf 77' lang='lat' dir='ltr'>abis?</span> 
     </span>
     <span class='ocr_line' id='line_1_16' title="bbox 591 1083 830 1117; baseline 0.004 -1"><span class='ocrx_word' id='word_1_85' title='bbox 591 1083 830 1117; x_wconf 78' lang='lat' dir='ltr'>Cleostrata</span> 
     </span>
     <span class='ocr_line' id='line_1_17' title="bbox 440 1140 616 1171; baseline 0 0"><span class='ocrx_word' id='word_1_86' title='bbox 440 1140 534 1171; x_wconf 85' lang='lat' dir='ltr'>Mitte</span> <span class='ocrx_word' id='word_1_87' title='bbox 558 1150 616 1171; x_wconf 87' lang='lat' dir='ltr'>me.</span> 
     </span>
    </p>
   </div>
   <div class='ocr_carea' id='block_1_5' title="bbox 577 1210 829 1296">
    <p class='ocr_par' dir='ltr' id='par_1_10' title="bbox 577 1210 829 1296">
     <span class='ocr_line' id='line_1_18' title="bbox 585 1210 829 1252; baseline 0 -10"><span class='ocrx_word' id='word_1_88' title='bbox 585 1210 829 1252; x_wconf 85' lang='lat' dir='ltr'>Lysidamus</span> 
     </span>
     <span class='ocr_line' id='line_1_19' title="bbox 577 1265 682 1296; baseline 0 0"><span class='ocrx_word' id='word_1_89' title='bbox 577 1265 682 1296; x_wconf 88' lang='lat' dir='ltr'>Mane.</span> 
     </span>
    </p>
   </div>
   <div class='ocr_carea' id='block_1_6' title="bbox 590 1336 884 1423">
    <p class='ocr_par' dir='ltr' id='par_1_11' title="bbox 590 1336 884 1423">
     <span class='ocr_line' id='line_1_20' title="bbox 590 1336 833 1369; baseline 0 -1"><span class='ocrx_word' id='word_1_90' title='bbox 590 1336 833 1369; x_wconf 84' lang='lat' dir='ltr'>Cleostrata</span> 
     </span>
     <span class='ocr_line' id='line_1_21' title="bbox 664 1390 884 1423; baseline -0.005 -1"><span class='ocrx_word' id='word_1_91' title='bbox 664 1390 736 1422; x_wconf 87' lang='lat' dir='ltr'>Non</span> <span class='ocrx_word' id='word_1_92' title='bbox 761 1401 884 1423; x_wconf 86' lang='lat' dir='ltr'>maneo.</span> 
     </span>
    </p>
   </div>
   <div class='ocr_carea' id='block_1_7' title="bbox 589 1462 1268 1557">
    <p class='ocr_par' dir='ltr' id='par_1_12' title="bbox 589 1462 1268 1557">
     <span class='ocr_line' id='line_1_22' title="bbox 589 1462 829 1503; baseline -0.004 -9"><span class='ocrx_word' id='word_1_93' title='bbox 589 1462 829 1503; x_wconf 84' lang='lat' dir='ltr'>Lysidamus</span> 
     </span>
     <span class='ocr_line' id='line_1_23' title="bbox 862 1516 1268 1557; baseline 0.005 -11"><span class='ocrx_word' id='word_1_94' title='bbox 862 1516 903 1547; x_wconf 88' lang='lat' dir='ltr'>At</span> <span class='ocrx_word' id='word_1_95' title='bbox 926 1516 979 1556; x_wconf 89' lang='lat' dir='ltr'>pol</span> <span class='ocrx_word' id='word_1_96' title='bbox 1003 1527 1062 1556; x_wconf 81' lang='lat' dir='ltr'>ego</span> <span class='ocrx_word' id='word_1_97' title='bbox 1086 1521 1117 1548; x_wconf 84' lang='lat' dir='ltr'>te</span> <span class='ocrx_word' id='word_1_98' title='bbox 1143 1527 1268 1557; x_wconf 82' lang='lat' dir='ltr'>sequar.</span> 
     </span>
    </p>
   </div>
   <div class='ocr_carea' id='block_1_8' title="bbox 236 1587 827 1680">
    <p class='ocr_par' dir='ltr' id='par_1_13' title="bbox 236 1587 827 1680">
     <span class='ocr_line' id='line_1_24' title="bbox 590 1587 827 1620; baseline 0 -1"><span class='ocrx_word' id='word_1_99' title='bbox 590 1587 657 1620; x_wconf 86' lang='lat' dir='ltr'>Cle</span> <span class='ocrx_word' id='word_1_100' title='bbox 667 1592 776 1620; x_wconf 86' lang='lat' dir='ltr'>ostra</span> <span class='ocrx_word' id='word_1_101' title='bbox 785 1592 798 1619; x_wconf 90' lang='lat' dir='ltr'>t</span> <span class='ocrx_word' id='word_1_102' title='bbox 808 1598 827 1619; x_wconf 86' lang='lat' dir='ltr'>a</span> 
     </span>
     <span class='ocr_line' id='line_1_25' title="bbox 236 1643 600 1680; baseline -0.005 -5"><span class='ocrx_word' id='word_1_103' title='bbox 236 1644 389 1680; x_wconf 73' lang='lat' dir='ltr'>Obsecro,</span> <span class='ocrx_word' id='word_1_104' title='bbox 414 1653 517 1674; x_wconf 86' lang='lat' dir='ltr'>sanun</span> <span class='ocrx_word' id='word_1_105' title='bbox 542 1653 576 1674; x_wconf 89' lang='lat' dir='ltr'>es</span> <span class='ocrx_word' id='word_1_106' title='bbox 585 1643 600 1673; x_wconf 75' lang='grc' dir='ltr'><em>Ῥ</em></span> 
     </span>
    </p>
   </div>
   <div class='ocr_carea' id='block_1_9' title="bbox 590 1713 1069 1809">
    <p class='ocr_par' dir='ltr' id='par_1_14' title="bbox 590 1713 1069 1809">
     <span class='ocr_line' id='line_1_26' title="bbox 590 1713 831 1755; baseline 0 -10"><span class='ocrx_word' id='word_1_107' title='bbox 590 1713 831 1755; x_wconf 82' lang='lat' dir='ltr'>Lysidamus</span> 
     </span>
     <span class='ocr_line' id='line_1_27' title="bbox 644 1768 1069 1809; baseline -0.002 -9"><span class='ocrx_word' id='word_1_108' title='bbox 644 1768 759 1805; x_wconf 79' lang='lat' dir='ltr'>Sanus,</span> <span class='ocrx_word' id='word_1_109' title='bbox 784 1779 883 1809; x_wconf 89' lang='lat' dir='ltr'>quom</span> <span class='ocrx_word' id='word_1_110' title='bbox 906 1768 960 1799; x_wconf 85' lang='lat' dir='ltr'>ted</span> <span class='ocrx_word' id='word_1_111' title='bbox 985 1779 1069 1799; x_wconf 87' lang='lat' dir='ltr'>amo.</span> 
     </span>
    </p>
   </div>
   <div class='ocr_carea' id='block_1_10' title="bbox 592 1839 832 1871">
    <p class='ocr_par' dir='ltr' id='par_1_15' title="bbox 592 1839 832 1871">
     <span class='ocr_line' id='line_1_28' title="bbox 592 1839 832 1871; baseline 0 0"><span class='ocrx_word' id='word_1_112' title='bbox 592 1839 832 1871; x_wconf 73' lang='lat' dir='ltr'>Cleostrata</span> 
     </span>
    </p>
   </div>
   <div class='ocr_carea' id='block_1_11' title="bbox 151 1894 1275 2140">
    <p class='ocr_par' dir='ltr' id='par_1_16' title="bbox 237 1894 440 1926">
     <span class='ocr_line' id='line_1_29' title="bbox 237 1894 440 1926; baseline -0.005 0"><span class='ocrx_word' id='word_1_113' title='bbox 237 1894 319 1926; x_wconf 94' lang='lat' dir='ltr'>Nolo</span> <span class='ocrx_word' id='word_1_114' title='bbox 344 1905 440 1926; x_wconf 84' lang='lat' dir='ltr'>ames.</span> 
     </span>
    </p>

    <p class='ocr_par' dir='ltr' id='par_1_17' title="bbox 151 2021 1275 2140">
     <span class='ocr_line' id='line_1_30' title="bbox 237 2021 1206 2055; baseline 0 -8"><span class='ocrx_word' id='word_1_115' title='bbox 237 2023 286 2048; x_wconf 84' lang='grc'>207</span> <span class='ocrx_word' id='word_1_116' title='bbox 304 2021 356 2054; x_wconf 79' lang='lat' dir='ltr'>Qui</span> <span class='ocrx_word' id='word_1_117' title='bbox 375 2030 456 2055; x_wconf 83' lang='lat' dir='ltr'>quam</span> <span class='ocrx_word' id='word_1_118' title='bbox 475 2031 536 2048; x_wconf 84' lang='lat' dir='ltr'>amo</span> <span class='ocrx_word' id='word_1_119' title='bbox 634 2022 740 2048; x_wconf 78' lang='lat' dir='ltr'>Casiam</span> <span class='ocrx_word' id='word_1_120' title='bbox 760 2021 787 2048; x_wconf 91' lang='grc' dir='ltr'><em>Β</em></span> <span class='ocrx_word' id='word_1_121' title='bbox 883 2023 965 2048; x_wconf 82' lang='lat' dir='ltr'>inicio</span> <span class='ocrx_word' id='word_1_122' title='bbox 985 2022 1037 2055; x_wconf 81' lang='lat' dir='ltr'>BI,</span> <span class='ocrx_word' id='word_1_123' title='bbox 1057 2022 1156 2047; x_wconf 85' lang='lat' dir='ltr'>innitio</span> <span class='ocrx_word' id='word_1_124' title='bbox 1176 2021 1206 2047; x_wconf 87' lang='lat' dir='ltr'><em>E</em></span> 
     </span>
     <span class='ocr_line' id='line_1_31' title="bbox 151 2063 1275 2098; baseline 0 -8"><span class='ocrx_word' id='word_1_125' title='bbox 151 2064 382 2091; x_wconf 75' lang='lat' dir='ltr'>munditiantideo</span> <span class='ocrx_word' id='word_1_126' title='bbox 495 2065 545 2091; x_wconf 79' lang='lat'>208</span> <span class='ocrx_word' id='word_1_127' title='bbox 563 2065 633 2090; x_wconf 85' lang='lat' dir='ltr'>Miro</span> <span class='ocrx_word' id='word_1_128' title='bbox 653 2065 699 2098; x_wconf 89' lang='lat' dir='ltr'>pol</span> <span class='ocrx_word' id='word_1_129' title='bbox 718 2065 768 2090; x_wconf 79' lang='lat' dir='ltr'>has</span> <span class='ocrx_word' id='word_1_130' title='bbox 789 2064 852 2096; x_wconf 69' lang='lat' dir='ltr'>BE,</span> <span class='ocrx_word' id='word_1_131' title='bbox 872 2064 1024 2097; x_wconf 79' lang='lat' dir='ltr'>Miropolas</span> <span class='ocrx_word' id='word_1_132' title='bbox 1043 2064 1061 2090; x_wconf 90' lang='grc' dir='ltr'><em>Ι</em></span> <span class='ocrx_word' id='word_1_133' title='bbox 1171 2073 1199 2090; x_wconf 84' lang='lat' dir='ltr'>es</span> <span class='ocrx_word' id='word_1_134' title='bbox 1218 2063 1275 2090; x_wconf 87' lang='grc' dir='ltr'>ΒΕ</span> 
     </span>
     <span class='ocr_line' id='line_1_32' title="bbox 151 2106 1274 2140; baseline -0.001 -7"><span class='ocrx_word' id='word_1_135' title='bbox 151 2108 201 2133; x_wconf 88' lang='grc'>209</span> <span class='ocrx_word' id='word_1_136' title='bbox 220 2107 331 2140; x_wconf 81' lang='lat' dir='ltr'>placeat</span> <span class='ocrx_word' id='word_1_137' title='bbox 349 2106 406 2133; x_wconf 87' lang='grc' dir='ltr'>ΒΕ</span> <span class='ocrx_word' id='word_1_138' title='bbox 498 2109 549 2133; x_wconf 86' lang='grc'><strong>210</strong></span> <span class='ocrx_word' id='word_1_139' title='bbox 566 2116 597 2133; x_wconf 84' lang='lat' dir='ltr'>ac</span> <span class='ocrx_word' id='word_1_140' title='bbox 616 2107 646 2133; x_wconf 89' lang='grc' dir='ltr'><em>Ε</em></span> <span class='ocrx_word' id='word_1_141' title='bbox 740 2108 812 2134; x_wconf 80' lang='lat' dir='ltr'>mala</span> <span class='ocrx_word' id='word_1_142' title='bbox 831 2116 874 2133; x_wconf 82' lang='lat' dir='ltr'>res</span> <span class='ocrx_word' id='word_1_143' title='bbox 976 2109 1023 2133; x_wconf 83' lang='lat'>211</span> <span class='ocrx_word' id='word_1_144' title='bbox 1045 2115 1106 2133; x_wconf 70' lang='lat' dir='ltr'>amo</span> <span class='ocrx_word' id='word_1_145' title='bbox 1127 2107 1224 2133; x_wconf 81' lang='lat' dir='ltr'>emitas</span> <span class='ocrx_word' id='word_1_146' title='bbox 1244 2106 1274 2132; x_wconf 88' lang='grc' dir='ltr'><em>Ε</em></span> 
     </span>
    </p>
   </div>
   <div class='ocr_carea' id='block_1_12' title="bbox 151 2150 1068 2230">
    <p class='ocr_par' dir='ltr' id='par_1_18' title="bbox 151 2150 1068 2230">
     <span class='ocr_line' id='line_1_33' title="bbox 151 2150 973 2183; baseline 0 -7"><span class='ocrx_word' id='word_1_147' title='bbox 151 2151 201 2176; x_wconf 89' lang='grc'>212</span> <span class='ocrx_word' id='word_1_148' title='bbox 220 2150 272 2176; x_wconf 78' lang='lat' dir='ltr'>Eia</span> <span class='ocrx_word' id='word_1_149' title='bbox 289 2150 336 2176; x_wconf 87' lang='lat' dir='ltr'>IE</span> <span class='ocrx_word' id='word_1_150' title='bbox 403 2151 469 2176; x_wconf 83' lang='lat' dir='ltr'>iuno</span> <span class='ocrx_word' id='word_1_151' title='bbox 489 2150 518 2176; x_wconf 83' lang='lat' dir='ltr'><em>E</em></span> <span class='ocrx_word' id='word_1_152' title='bbox 587 2152 635 2176; x_wconf 85' lang='lat'>214</span> <span class='ocrx_word' id='word_1_153' title='bbox 656 2159 738 2176; x_wconf 79' lang='lat' dir='ltr'>sanus</span> <span class='ocrx_word' id='word_1_154' title='bbox 758 2159 787 2176; x_wconf 82' lang='lat' dir='ltr'>es</span> <span class='ocrx_word' id='word_1_155' title='bbox 805 2151 825 2176; x_wconf 93' lang='grc' dir='ltr'><em>Ι</em></span> <span class='ocrx_word' id='word_1_156' title='bbox 892 2159 973 2183; x_wconf 87' lang='lat' dir='ltr'>quam</span> 
     </span>
     <span class='ocr_line' id='line_1_34' title="bbox 1053 2206 1068 2230; baseline 0 0"><span class='ocrx_word' id='word_1_157' title='bbox 1053 2206 1068 2230; x_wconf 78' lang='lat'><strong>2</strong></span> 
     </span>
    </p>
   </div>
  </div>
 </body>
</html>
