1596 2478
332 231 372 260 08
844 229 932 255 Plauti
1221 230 1251 261 V.
1275 232 1296 258 1,
1319 231 1409 261 12-2,
1429 233 1445 258 G

333 323 373 353 Te
396 322 465 354 uolo
490 323 550 356 hic.
575 323 773 356 Pardalisca.
799 334 878 359 esse,
904 325 958 364 qui
984 324 1058 355 hinc
1082 328 1185 360 exeat,

331 376 410 408 Eum
435 381 471 408 ut
494 377 636 408 ludibrio
660 377 792 408 habeas.

767 442 789 473 P
798 453 839 474 ar
848 443 867 474 d
877 443 1005 474 alisca

829 496 957 528 Lubens
981 497 1087 530 secero
1111 501 1144 529 et
1167 498 1284 530 solens.

767 567 1003 599 Cleostrata

326 621 480 662 Spectato
503 621 578 652 hinc
601 621 717 657 omnia.
741 621 828 652 intus
853 621 932 663 quid
956 627 1063 661 agant.
1390 633 1441 659 810

780 686 986 727 Myrrhina

326 740 409 771 Pone
433 751 493 774 me.
518 740 634 772 amabo
657 742 720 777 θέας
745 740 790 772 ibi
814 741 970 772 audacius
994 741 1070 772 licet

325 794 414 831 Quae
438 795 488 826 uis
512 794 613 826 libere
637 795 796 836 proloqui.

758 865 782 896 C
791 866 800 897 l
811 877 827 897 e
835 877 853 897 o
863 877 876 897 s
884 869 898 897 t
906 877 921 897 r
931 877 949 897 a
957 869 971 897 t
979 876 999 897 a

828 919 912 950 Tace
922 930 929 957 ;
952 923 1068 952 nostra
1090 920 1168 952 foris
1191 922 1326 963 crepuit.

693 1099 883 1132 OLYMPIO
929 1099 1063 1132 EIDEM

786 1194 830 1226 01
863 1205 894 1225 m
929 1195 965 1226 io

321 1248 432 1289 Neque
460 1258 523 1289 quo
553 1248 672 1287 fugiam
702 1259 806 1289 neque
837 1205 1041 1280 {biplateam
1070 1259 1175 1290 neque
1205 1249 1268 1281 hoc
1291 1249 1432 1282 dedecus

1029 1313 1092 1344 quo
1117 1303 1212 1334 modo
1236 1303 1346 1340 celem,

321 1356 407 1394 Sci0;
441 1360 568 1388 tantum
598 1367 672 1388 erus
703 1359 801 1397 atque
832 1367 891 1397 ego
914 1356 1036 1397 flagitio
1060 1358 1287 1398 superauimus
1310 1358 1432 1398 nuptiis

1030 1412 1158 1443 nostris.

319 1464 370 1495 lta
392 1474 476 1495 nune
500 1465 604 1505 pudeo
629 1468 726 1505 atque
750 1466 796 1496 ita
819 1475 905 1496 nunc
929 1475 1034 1506 paueo
1057 1469 1155 1506 atque
1184 1466 1230 1496 ita
1260 1465 1431 1496 inridiculo

1027 1530 1136 1550 sumus
1159 1519 1265 1550 ambo.
1379 1528 1431 1553 815

317 1572 379 1604 Sed
404 1583 462 1613 ego
487 1573 640 1613 insipiens
663 1583 750 1605 noua
773 1583 858 1604 nune
882 1573 980 1604 facio:
1010 1573 1112 1614 pudet
1134 1583 1229 1613 quem
1254 1573 1344 1614 prius
1366 1583 1429 1605 non

1026 1627 1175 1667 puditum
1195 1637 1348 1667 umquam
1369 1630 1427 1658 est.

316 1681 456 1721 Operam
486 1681 574 1715 date„
609 1682 685 1712 dum
717 1692 786 1712 mea
815 1680 901 1712 facta
930 1682 1026 1720 itero3
1062 1684 1111 1712 est
1140 1691 1257 1722 operae
1289 1681 1429 1721 pretium

1025 1734 1159 1766 auribus
1183 1735 1365 1776 perciper03

315 1789 365 1820 Ita
387 1789 524 1821 ridicu1a
546 1790 669 1827 auditu,
692 1791 811 1821 iterata
836 1800 875 1820 ea
897 1793 973 1821 suut
991 1799 1075 1829 quae
1094 1799 1154 1829 ego
1173 1789 1260 1820 intus
1283 1788 1423 1820 turbaui.

398 1917 448 1942 808
467 1937 488 1943 ..
501 1937 506 1943 .
517 1938 522 1943 .
535 1917 578 1944 hic
675 1920 754 1943 exeat
773 1926 834 1943 eum
854 1919 885 1943 ut
987 1917 1037 1942 809
1047 1937 1052 1942 .
1064 1936 1069 1941 .
1081 1937 1087 1943 .
1098 1915 1218 1942 ludibrio
1322 1916 1373 1942 810
1384 1937 1388 1942 .
1401 1938 1407 1943 .
1420 1935 1425 1941 .

314 1962 440 1993 spectato
459 1959 493 1991 B,
515 1969 579 1986 ...υ
599 1962 674 1985 etate
693 1959 730 1991 E,
800 1962 879 1986 ecato
898 1959 917 1985 Ι
1021 1959 1123 1985 inuiam
1143 1959 1172 1985 Ε
1266 1959 1340 1985 intus
1359 1959 1426 1993 quid

314 2002 388 2027 intus
407 2000 453 2027 ΙΕ
591 2003 774 2035 811...pone
793 2002 827 2034 Β,
847 2010 966 2029 ....οηε
987 2001 1030 2028 ΕΙ
1175 2002 1274 2028 amabo
1294 2001 1378 2028 MUL.
1398 2005 1426 2028 et

311 2045 361 2069 812
381 2044 447 2070 uelis
466 2045 491 2069 A
667 2044 806 2071 SERUUS
826 2043 941 2070 EIDEM
961 2044 1022 2074 ΒΕ,
1043 2043 1183 2070 SERUUS
1203 2044 1250 2070 ET
1270 2044 1391 2071 EIDEM
1410 2045 1429 2070 Ι

312 2088 361 2111 814
381 2087 456 2112 Scito
476 2087 493 2112 Ι
556 2086 614 2112 frua
685 2087 867 2120 auperfuimun
887 2088 905 2113 I
971 2088 1020 2112 815
1040 2086 1215 2113 inridiculum
1235 2086 1308 2113 ΒΙΕ
1375 2088 1425 2112 816

313 2129 450 2162 pudetque
468 2129 542 2155 ΒΙΕ
602 2130 662 2163 pius
684 2129 712 2155 Ε
776 2130 928 2163 puditumst
949 2137 1075 2162 uunquam
1098 2129 1122 2155 A
1191 2130 1241 2154 817
1260 2129 1351 2163 opt-ra
1369 2128 1426 2155 BE

378 2172 497 2206 pretium
518 2180 566 2198 om.
589 2172 659 2199 ΒΙΕ
726 2174 776 2198 818
794 2172 948 2201 tu...BE‚
968 2173 1017 2198 tuli
1036 2172 1055 2198 Ι
