1596 2478
305 165 345 194 34
817 160 907 186 mauu
1208 159 1230 192 1.
1249 161 1274 193 s,
1293 160 1428 187 ηις-ιω

725 253 1006 284 Philematium

839 306 950 345 Quem,
975 306 1119 345 obsecro,
1141 307 1263 347 igitur?

788 376 946 418 Scapha

1274 419 1426 460 Eloquar.

306 474 545 505 Philolachem:
568 475 595 505 is
613 485 651 505 ne
670 474 747 514 quid
768 476 865 506 emat,
885 473 946 504 nisi
968 473 1055 513 quod
1069 472 1127 504 tibi
1143 473 1272 514 placere
1285 478 1425 504 censeat.

305 528 388 559 Nam
413 531 542 559 amator
564 527 745 559 meretricis
770 537 876 558 mores
900 526 960 557 sibi
986 527 1065 557 emit
1089 537 1169 558 auro
1193 530 1226 558 et
1250 537 1405 568 purpura.

305 580 391 618 Quid
411 591 493 622 opus
512 584 571 615 est,
590 581 677 622 quod
698 591 792 612 suum
812 591 884 612 esse
903 580 994 615 nolit.
1013 580 1047 610 id
1063 581 1092 611 ei
1107 580 1193 611 ultro
1207 580 1428 612 ostentm-ier?

305 634 454 675 Purpura
477 635 580 666 aetati
605 634 853 666 occultandaest
877 637 990 664 natum
1016 635 1104 674 turpi
1129 634 1273 673 mulieri;
1378 643 1424 668 281

304 688 424 719 Pulcra
447 688 562 719 mulier
586 688 675 719 nuda
697 689 761 720 erit
783 698 880 729 quam
905 691 1089 728 purpurata
1113 687 1267 728 pulcrior.

305 741 441 782 [Postea
464 743 681 783 nequicquam
705 745 897 773 exornatast
920 741 1011 778 bene,
1035 742 1062 772 si
1087 745 1247 773 moratast
1270 741 1362 773 male.

305 795 459 826 Pulcrum
483 800 635 827 ornatum
659 799 770 836 turpes
794 806 901 827 mores
926 795 1018 836 peius
1042 805 1143 826 caeno
1167 794 1359 835 conlinuut.]

305 848 388 880 Nam
413 850 440 880 si
464 848 617 890 pulcrast‚
641 849 737 881 nimis
762 852 922 881 ornatast.

733 919 998 952 Philolaches

836 974 940 1005 Nimis
965 973 1022 1004 diu
1046 973 1194 1005 abstineo
1219 983 1356 1005 manum.
1377 982 1429 1008 285

306 1028 391 1066 Quid
415 1028 469 1060 hic
491 1038 551 1060 uos
575 1028 697 1068 agitis?

720 1087 1008 1119 Philematium

637 1140 720 1179 Tibi,
744 1152 794 1173 me
819 1152 950 1179 exorno,
973 1144 1011 1172 ut
1034 1140 1190 1181 placeam.

734 1211 998 1244 Philolaches

1131 1265 1256 1297 Ornata
1279 1275 1312 1296 es
1337 1265 1427 1296 satis.

306 1319 365 1352 Abi
378 1322 415 1350 tu
428 1319 503 1350 hinc
516 1319 601 1350 intro
615 1323 715 1360 atque
728 1323 922 1351 ornamenta
940 1320 1021 1351 haec
1041 1319 1142 1351 auser.
1178 1318 1251 1359 Sed,
1272 1318 1428 1360 uoluptas

1022 1384 1105 1411 mea,

305 1426 379 1458 Mea
402 1426 641 1464 Philematium,
667 1430 780 1467 potare
804 1431 912 1459 tecum
935 1427 1170 1459 coulubitumst
1193 1427 1281 1458 mihi.

721 1497 1007 1530 Philematium

307 1551 348 1582 Et
366 1551 483 1591 edepol
502 1551 579 1582 mihi
598 1555 722 1590 tecum3
746 1562 821 1583 nam
835 1552 923 1593 quod
937 1551 996 1583 tibi
1015 1551 1116 1588 lubet,
1137 1551 1222 1582 idem
1236 1551 1314 1582 mihi
1327 1551 1427 1582 lubet.

737 1621 997 1654 Philolaches

306 1675 380 1706 Mea
402 1675 567 1716 uoluptas,
591 1676 676 1707 istuc
701 1675 837 1707 uerbum
862 1675 928 1707 uile
952 1680 1003 1707 est
1026 1676 1142 1716 uiginti
1168 1676 1270 1707 minis.
1377 1684 1428 1710 290

724 1746 1012 1778 Philematium

307 1799 393 1831 Cedo
407 1800 524 1831 amabo
538 1800 665 1839 decenn
690 1800 773 1832 bene
791 1804 936 1840 emptum
955 1800 1014 1831 tibi
1029 1800 1106 1831 dare
1120 1800 1180 1831 hoc
1193 1800 1327 1832 uerbum
1341 1800 1426 1832 uolo.

375 1918 425 1943 278
444 1917 667 1944 Philolachemus
688 1926 722 1944 ne
741 1918 761 1943 C
844 1918 895 1944 280
913 1918 1011 1945 nollite
1032 1919 1105 1945 ultro
1125 1918 1159 1950 Β,
1179 1919 1250 1945 nolit
1268 1922 1296 1944 te
1315 1918 1388 1944 ultro
1409 1918 1431 1943 C

306 1961 352 1985 281
376 1963 468 1985 aetate
488 1960 655 1986 occultanda
674 1963 716 1986 ent
735 1969 831 1986 aurum
903 1964 984 1993 turpe
1004 1961 1030 1986 B
1095 1962 1144 1986 284
1163 1962 1312 1987 continunt
1378 1962 1428 1986 285

306 2002 359 2027 nisi
378 2002 412 2031 B,
432 2011 465 2028 nc
486 2004 507 2027 si
529 2002 551 2028 C
601 2011 684 2028 manu
737 2004 787 2029 286
807 2011 856 2029 uos
876 2003 922 2028 diu
942 2004 1023 2034 agitis
1082 2004 1132 2028 287
1151 2004 1282 2030 uoluntas
1303 2003 1324 2029 C
1378 2005 1428 2029 2⁸8

307 2044 501 2078 philomatiuni
523 2044 556 2075 Β,
578 2044 787 2078 philomaticum
809 2045 831 2071 C
888 2047 938 2071 239
958 2046 1038 2071 Libet
1056 2049 1086 2071 et
1149 2046 1200 2071 290
1219 2047 1347 2079 uoluptas
1367 2054 1426 2072 eam

307 2086 378 2113 istuc
450 2087 540 2113 minus
561 2088 584 2113 C
649 2088 695 2113 291
718 2087 816 2113 decurii
