1596 2478
618 178 648 204 V.
669 179 813 205 214—285.
1217 183 1278 211 263

149 273 235 312 potis
258 274 293 308 A,
318 284 343 302 v.
370 274 407 302 ad
430 274 498 302 Aul.
525 276 594 303 301.
653 272 801 312 tributam,
832 276 994 304 masculino
1017 286 1133 313 genere.
1192 276 1239 305 Sic
1262 288 1279 306 a

154 326 302 363 plerisque
332 328 465 353 veterum
496 325 606 353 dictum
638 337 700 354 esse
730 330 861 355 testatur
891 327 1004 356 Gellius
1034 327 1120 362 XIII,
1146 330 1200 362 21,
1229 328 1276 357 19.

155 376 259 404 Exstat,
283 377 312 404 iu
336 376 398 413 lege
424 376 518 404 Acilia
540 377 576 404 de
601 382 707 414 repet.,
732 378 762 405 C.
783 378 804 406 1.
832 378 863 406 L.
890 378 900 405 1
925 388 952 415 p.
975 380 1022 414 62,
1048 389 1074 407 v.
1096 379 1144 407 64.
1181 380 1279 408 Affert

154 427 265 456 Nonius
298 438 325 465 p.
352 428 411 455 229
440 437 475 455 ex
505 428 625 456 Catonis
655 429 782 464 origum
820 439 875 463 „ne
910 430 1033 467 praedia
1067 430 1096 457 in
1131 430 1277 458 lubricum

153 478 366 513 dirigerentur,
397 488 484 515 quom
511 478 642 507 tributus
672 479 873 515 exige1·etu1·“.
899 495 938 499 —
968 481 1039 508 231.
1064 477 1176 509 rallam
1199 482 1224 509 A
1248 484 1278 509 et

153 529 264 557 Nouius
294 539 321 566 p.
354 530 428 564 5393
466 528 571 562 „Ralla
605 531 695 558 vestis
730 531 808 558 dicta
843 542 860 558 a
894 530 1036 558 1·a1·itate“
1069 542 1108 559 sc.
1140 535 1275 560 texturae.

152 580 338 609 Contrarium
363 581 431 608 huic
454 580 582 614 videtur,
607 580 686 617 quod
711 582 855 618 sequitur,
879 580 994 617 spissa.
1013 597 1054 600 —-
1078 579 1278 616 „Caesicium

153 629 329 660 linteolwn‘*
357 633 399 660 ait
421 631 536 660 Nonius
560 642 588 668 p.
615 634 674 660 539
701 633 829 668 „dicitur
858 642 966 670 purum
995 636 1025 660 et
1055 633 1229 667 candidum,
1261 644 1278 661 a

152 684 312 718 caedendo,
342 683 422 719 quod
452 683 496 710 ita
519 682 555 710 ad
580 684 738 711 candorem
763 685 924 721 perveniat,
952 684 997 711 vel
1022 683 1102 721 quod
1127 694 1194 713 oras
1218 686 1276 713 cir-

153 735 293 763 cumcisas
323 734 440 762 habeat.
492 733 616 762 Plautus
647 735 675 762 in
705 733 862 772 Epidico“.
895 749 931 753 —
963 736 1033 763 232.
1064 730 1276 763 Imbusz'atam.

152 787 246 815 Varro
270 786 302 814 L.
329 785 360 813 L.
387 785 419 821 V,
448 786 522 813 131:
550 782 714 821 .‚(Amictus
738 783 861 822 genera)
885 786 953 821 duo,
978 795 1077 822 uuum,
1101 786 1182 822 quod
1206 787 1277 814 foris

151 850 184 868 ac
207 839 315 876 palam,
340 837 428 873 palla,
454 836 579 864 alterum
604 838 692 871 intus,
717 847 733 865 a
751 847 810 874 quo
829 838 978 871 intusium,
1004 838 1034 865 id
1052 837 1131 874 quod
1151 837 1275 866 Plautus

151 891 238 919 dicit:
273 889 450 916 Iutusiatam
480 887 567 915 cetst.
620 888 680 915 Nec
705 888 791 915 aliter
814 888 927 917 Nouius
956 898 985 925 p.
1012 890 1081 923 539,
1117 889 1172 916 nisi
1195 889 1276 925 quod

152 942 179 970 h.
203 951 230 968 v.
254 941 426 976 corruptum
450 938 550 966 affert:
585 939 765 974 „indusiatffi
797 940 957 977 pzitagiata,
982 940 1109 967 catulam
1133 943 1186 968 aut
1209 950 1276 977 pro-

151 989 317 1030 putulam.“
377 989 435 1018 Sed
458 992 582 1027 apparet
606 1000 720 1018 errasse
745 990 920 1025 Varronem,
954 989 1162 1026 significantur
1185 991 1276 1019 vesti-

152 1046 250 1072 menta
281 1042 406 1070 induciis
435 1044 465 1069 et
494 1042 624 1078 patagiis
647 1045 766 1076 ornata,
802 1052 867 1079 quae
895 1042 1046 1070 clavorum
1075 1051 1185 1078 genera
1213 1052 1277 1070 esse

150 1094 299 1128 videntur,
323 1103 350 1121 v.
369 1093 406 1120 ad
419 1093 485 1120 Aul.
501 1092 576 1120 501:
604 1094 790 1129 ,‚patagia1·ii,
816 1091 1004 1121 indusiarii“.
1028 1107 1069 1112 —
1096 1089 1277 1129 „Cultulam

151 1147 180 1175 et
201 1141 405 1174 crocot‘ltloem‘*
433 1145 476 1172 ait
499 1143 576 1172 Nou.
600 1154 630 1181 p.
656 1144 715 1172 548
743 1147 920 1180 „utrumque
945 1154 961 1171 a
984 1143 1144 1180 generibus
1167 1144 1275 1172 florum

150 1198 342 1230 translatum,
373 1205 389 1223 a
418 1195 497 1223 calta
521 1198 551 1222 et
575 1204 591 1222 a
615 1204 710 1223 croco.
735 1195 816 1232 Virg.
842 1197 872 1223 in
898 1195 967 1224 Buc.
992 1195 1033 1230 (2,
1061 1193 1130 1231 50):
1166 1196 1278 1224 luteola

151 1251 248 1288 pingit
276 1247 410 1276 vaccinia.
439 1247 526 1275 calta.
583 1246 706 1274 Plautus
729 1246 857 1284 Epidico
889 1245 975 1281 cct.'‘,
1012 1250 1163 1275 crocotam
1187 1247 1277 1275 etiam

151 1311 186 1329 ex
209 1300 303 1328 Novio
327 1302 358 1326 ct
381 1298 483 1326 Naevio
507 1298 608 1331 εὔει-η
633 1298 668 1325 cf.
693 1298 761 1326 Aul.
789 1299 858 1326 513.
884 1313 924 1317 —
955 1299 1025 1326 233.
1053 1295 1273 1334 „Supparum“

151 1353 193 1380 ait
210 1351 324 1379 Nonius
347 1361 376 1387 p.
392 1350 452 1378 540
475 1352 539 1383 „est
563 1350 686 1376 linteum
708 1349 850 1376 femorale
871 1347 1037 1385 (humerale
1055 1350 1131 1377 coni.
1146 1347 1276 1386 Roeper)

151 1403 186 1431 ad
210 1402 286 1430 talos
310 1400 461 1438 pendens,
497 1400 618 1432 dictum,
654 1399 734 1437 quod
759 1400 863 1428 subtus
887 1404 1040 1437 appareat.
1100 1400 1223 1428 Plautus
1247 1401 1277 1428 iu

150 1454 289 1491 Epidico:
324 1462 486 1490 supparum
516 1455 567 1480 aut
595 1451 775 1479 subnimium
806 1455 866 1486 est,
903 1452 1006 1486 ritam,
1040 1452 1191 1479 vasilicam
1226 1455 1277 1479 aut

150 1503 326 1533 exoticum“.
373 1503 447 1531 Tum
466 1503 630 1531 afferuntur
648 1506 677 1530 et
694 1503 752 1530 alia
771 1506 801 1530 et
824 1513 860 1530 ex
876 1503 1015 1531 Afranio:
1043 1502 1151 1537 „Tacel
1177 1503 1277 1540 puella

151 1566 208 1584 non
231 1565 304 1590 sum,
334 1565 466 1592 supparo
494 1556 519 1582 si
543 1554 648 1582 induta
671 1553 778 1582 sum?“
827 1554 920 1582 Varro
944 1555 977 1582 L.
998 1554 1029 1582 L.
1048 1553 1081 1588 V,
1110 1554 1184 1582 131:
1212 1554 1276 1588 „In-

150 1608 235 1636 dutui
263 1607 404 1641 alterum,
440 1605 520 1643 quod
550 1605 667 1640 subtus,
703 1616 719 1633 a
743 1616 801 1642 quo
831 1605 989 1641 subucula,
1019 1606 1159 1639 alterum,
1197 1605 1277 1642 quod

150 1669 250 1697 supra,
276 1669 292 1686 a
316 1668 374 1695 quo
397 1656 581 1695 supparus‘⁶;
606 1656 658 1684 sed
682 1658 746 1694 ipse
770 1657 897 1691 dubitat,
922 1667 988 1684 nam
1013 1656 1111 1684 addit:
1139 1657 1215 1691 „nisi
1235 1656 1274 1691 id,

150 1711 229 1748 quod
253 1712 323 1738 item
349 1709 452 1737 dicunt
475 1707 579 1736 Os0e“.
636 1708 747 1736 Eadem
773 1710 850 1736 enim
875 1718 933 1736 vox
957 1717 1020 1735 esse
1042 1707 1162 1735 videtur
1186 1710 1276 1744 atque

149 1762 301 1799 siparium,
327 1760 385 1789 vid.
409 1759 597 1797 Marquardt,
626 1759 850 1788 Privatalterth.
875 1759 902 1787 II
925 1769 954 1796 p.
981 1760 1030 1787 95.
1060 1772 1095 1777 -
1118 1754 1277 1786 subminia

150 1823 218 1841 num
243 1812 281 1840 ad
305 1812 426 1840 minium
449 1812 580 1840 colorem
603 1811 788 1838 referendum
813 1812 861 1845 sit,
886 1821 946 1838 non
969 1810 1073 1847 liquet.
1093 1824 1134 1828 —
1156 1806 1273 1844 „Rica“

151 1865 193 1892 ait
216 1863 331 1892 Nonius
354 1874 382 1901 p.
409 1864 468 1891 539
503 1865 568 1897 „est
597 1863 677 1899 quod
706 1873 758 1890 nos
781 1863 935 1890 sudarium
959 1862 1094 1890 dicimus.
1152 1860 1276 1888 Plautus

150 1917 180 1943 in
203 1915 329 1953 Epidico
353 1913 439 1942 cet.“.
490 1913 564 1942 Tum
594 1917 624 1941 et
647 1913 706 1941 alia
729 1914 895 1941 afferuntur
919 1916 948 1940 et
970 1913 1097 1949 Turpilii
1121 1911 1223 1946 (Ribb.
1248 1921 1274 1938 v.

151 1968 190 1995 72
214 1965 308 2004 sqq.}:
358 1965 466 2001 „Ducit
499 1974 544 1992 mc
578 1974 691 1999 secum;
726 1969 887 2002 postquam
922 1964 959 1992 ad
994 1963 1095 1991 aedem
1130 1963 1274 1996 venimus,

151 2018 317 2046 Veneratur
340 2017 425 2051 deos;
449 2017 563 2044 interea
586 2016 710 2053 adspexi
734 2017 879 2051 virginem
904 2016 947 2043 lbi
967 2018 1104 2049 stantem,
1128 2016 1159 2042 iu
1177 2014 1275 2050 eapite

150 2069 273 2097 riculaiu
298 2069 462 2097 indutauw.
518 2066 600 2095 Fest.
624 2078 653 2105 p.
679 2068 755 2095 277:
794 2067 902 2102 „Ricae
933 2070 962 2094 et
990 2067 1102 2094 riculae
1131 2068 1276 2094 vocantur

150 2130 242 2158 parva
266 2121 367 2148 ricinia
390 2122 424 2147 ut
446 2118 569 2156 palliola
592 2118 628 2146 ad
659 2128 743 2146 usum
766 2119 872 2155 capitis
902 2116 1012 2153 facta“,
1042 2118 1082 2147 id.
1107 2119 1177 2156 epit.
1204 2117 1275 2145 288:
