1596 2478
626 185 791 211 Cistellaria.
1213 189 1271 217 175

147 280 175 307 in
199 279 252 307 hac
275 290 340 308 cum
371 282 464 308 matre
494 283 618 318 propter
642 291 705 309 eam
730 291 790 309 rem
815 281 1074 310 vehementissime
1099 283 1270 312 altercatur.

146 331 208 358 Hoc
226 332 349 368 primus,
369 331 448 368 quod
467 332 566 367 scium,
581 331 768 368 Ladewigius
788 332 1000 361 animadvertit
1019 333 1095 362 Mus.
1115 334 1208 362 Rhen.
1229 334 1271 362 III

146 391 174 419 p.
202 382 271 410 520.
330 381 373 410 Ex
398 384 433 411 iis
458 383 648 419 fragmentis,
679 392 744 420 quae
776 386 909 418 exstant,
945 385 1034 412 ctiam
1059 385 1271 413 Alcesimarchi

144 436 270 470 patrem,
295 435 386 469 cuius,
412 435 462 472 qui
481 434 596 471 prologi
617 434 680 461 vice
704 437 911 469 argumentum
936 439 1068 472 narrant,
1092 437 1271 465 mentionem

145 484 256 512 faciunt
279 482 319 519 (v.
344 482 408 521 99),
434 486 463 513 in
487 494 604 513 scenam
629 485 722 513 exisse
745 486 929 522 suspicatur,
962 488 1072 525 quippe
1096 489 1156 524 qui,
1181 498 1270 525 quum

144 533 237 563 filium
261 537 425 565 meretricis
449 546 548 564 amore
573 538 691 574 captum
715 546 778 564 esse
803 537 1003 574 comperisset,
1028 539 1057 566 in
1080 539 1182 567 urbem
1204 550 1271 577 pro-

144 587 295 624 peravisse
318 586 464 622 videatur,
490 588 603 616 veritus
628 597 664 615 ne
687 587 880 625 Demiphonis
910 588 1015 623 filiam,
1052 600 1138 627 quam
1169 591 1195 618 ei
1224 590 1272 618 de·

144 637 322 675 sponderat,
353 638 459 667 ducere
483 638 573 673 nolit⁷
610 640 640 666 et
663 648 727 666 cum
752 638 907 666 Melaenide
931 640 1093 668 collocutus
1117 642 1270 670 consilium

145 689 206 717 eius
237 689 346 718 Selenii
377 690 539 718 retinendae
568 689 756 718 confirmasse
785 690 949 718 credendus
977 692 1024 718 sit.
1082 691 1271 729 Ladewigius

144 743 259 776 autem,
284 741 422 778 quoniam
452 751 487 769 ex
518 742 553 769 iis
577 741 659 769 Festi
688 741 774 776 locis,
810 742 861 778 qui
893 741 929 769 ad
960 752 985 769 v.
1013 743 1071 770 383
1098 743 1269 778 afferentur,

144 792 311 820 Cistellaria
340 792 436 820 altero
466 793 583 820 nominc
607 792 698 828 Syrus
728 792 878 830 appellata
908 793 1055 828 videatur,
1091 795 1179 822 etiam
1205 795 1271 831 Syri

144 843 222 871 servi
251 844 280 871 in
310 853 345 871 ea
367 846 467 880 partes
490 844 580 871 fuisse
604 846 705 882 putat,
736 844 862 872 hominis
886 844 1016 880 linguam
1041 845 1159 874 ridiculi
1183 856 1272 874 causa

143 905 201 923 non
236 894 414 923 continentis
448 895 606 932 verbisque
635 896 748 923 utentis
777 895 885 923 infimae
914 895 993 933 plebi
1017 897 1270 926 convenientibus.

143 946 200 975 Sed
225 955 290 983 quae
313 945 400 974 huius
429 947 505 974 servi
534 949 636 984 partes
665 947 695 974 in
725 949 899 984 argumento
928 947 1035 976 fabulae
1059 957 1121 976 esse
1145 950 1270 986 possint,

142 1007 201 1026 non
225 997 413 1032 intelligitur,
438 1007 491 1025 nec
514 1000 613 1026 tamen
638 998 759 1033 exiguas
783 1008 832 1026 eas
855 1000 956 1035 partes
980 998 1072 1026 fuisse
1091 1002 1220 1036 oportet,
1246 1001 1270 1028 si

143 1051 206 1077 eius
228 1049 347 1077 nomine
370 1048 472 1076 fabula
495 1049 647 1086 appellata
670 1049 715 1076 sit.
769 1049 831 1077 Hoc
854 1059 944 1086 quum
968 1052 1048 1078 recte
1071 1051 1271 1080 intellexisset

142 1100 267 1128 Winter.
293 1100 391 1128 Plauti
414 1100 581 1128 fabularum
606 1100 826 1137 deperditarum
851 1101 1006 1137 fragment.
1032 1111 1061 1138 p.
1088 1102 1104 1129 6
1124 1112 1178 1139 sq„
1203 1113 1269 1131 cum

142 1152 173 1180 C.
199 1151 231 1179 Ο.
256 1151 402 1179 Muellero
432 1151 549 1179 eosdem
580 1161 683 1180 versus
711 1152 740 1179 iu
765 1151 879 1180 duabus
903 1152 1025 1187 fabulis,
1055 1155 1085 1180 et
1112 1153 1142 1180 in
1166 1153 1269 1182 Cistel-

142 1204 217 1232 laria
240 1205 271 1230 et
295 1203 324 1230 in
348 1202 430 1239 Syro,
454 1203 570 1240 positos
593 1203 683 1231 fuisse
707 1203 840 1241 putavit3
865 1203 945 1240 quod
970 1213 1058 1240 quum
1084 1204 1113 1232 in
1137 1205 1270 1233 versibus

142 1255 274 1291 vulgaris
310 1255 465 1282 sententiae
499 1254 587 1282 facile
621 1253 686 1282 fieri
719 1255 829 1292 possit,
866 1265 892 1283 v.
917 1254 954 1282 ad
978 1255 1060 1283 Asin.
1091 1256 1147 1284 185
1180 1257 1270 1285 etad

142 1305 249 1334 Pseud.
276 1306 351 1341 588,
386 1306 416 1333 in
441 1305 512 1334 locis
536 1306 641 1333 coloris
664 1308 725 1333 tam
750 1306 908 1342 singularis
932 1306 996 1334 fieri
1020 1315 1077 1334 non
1101 1316 1188 1344 posse
1211 1308 1268 1335 iam

142 1357 322 1385 Ritschelius
346 1359 425 1384 recte
449 1357 600 1385 iudicavit.
646 1357 751 1394 Itaque
775 1357 841 1384 illos
865 1357 984 1393 quidem
1005 1367 1106 1385 versus
1124 1358 1187 1386 sine
1206 1359 1268 1386 ullo

143 1408 329 1437 dubitatione
359 1408 554 1445 Lampadioni
586 1408 762 1436 Cistellariae
793 1407 973 1444 tribuemus,
1009 1409 1136 1446 duplicis
1171 1413 1267 1438 autem

142 1460 268 1488 nominis
298 1459 404 1487 sabulae
433 1460 491 1487 alia
520 1460 680 1497 explicatio
710 1459 870 1496 quaercnda
894 1462 948 1487 est.
1004 1460 1102 1496 Atque
1126 1471 1215 1498 quum
1240 1462 1269 1489 in

142 1511 225 1539 Festi
259 1511 332 1538 locis
367 1511 462 1538 altero
494 1511 542 1546 „iu
565 1509 651 1547 Syr.“
683 1511 816 1546 legatur,
850 1510 945 1538 altero
973 1511 1020 1545 „in
1044 1510 1136 1547 Sy..‚
1171 1512 1269 1540 exitus

142 1565 240 1590 autem
265 1562 392 1590 nominis
416 1562 445 1589 in
469 1564 575 1590 neutro
600 1565 759 1600 appareat,
794 1572 852 1589 non
876 1561 982 1598 Syrum
1010 1562 1140 1590 fabulam
1164 1564 1267 1601 appel-

142 1614 232 1642 latam
256 1612 354 1648 credo,
379 1613 430 1641 sed
454 1610 583 1651 Syram,
614 1616 647 1642 ut
670 1613 724 1641 hoc
747 1623 854 1641 nomen
878 1613 969 1641 fucrit
993 1614 1080 1641 matri
1107 1613 1267 1650 Gymnasfi,

142 1675 207 1702 quae
237 1665 267 1692 in
297 1663 447 1692 codicibus
470 1665 594 1702 proprio
616 1665 735 1693 nomine
759 1674 862 1692 carens
889 1664 993 1700 „lena“
1019 1668 1192 1702 usurpatur,
1217 1668 1269 1694 aut

143 1712 251 1753 Syra-5,
275 1718 309 1743 ut
331 1717 393 1743 tam
417 1716 470 1743 illa
493 1726 581 1753 quam
605 1716 746 1750 Melaenis,
778 1717 879 1743 amicae
903 1718 933 1743 et
956 1716 985 1743 in
1009 1716 1110 1753 puella
1133 1717 1269 1755 exposita

142 1766 305 1795 auferenda
329 1767 459 1802 consciae,
485 1777 520 1795 ex
544 1767 630 1804 Syria
654 1766 786 1795 oriundae
811 1766 931 1794 fuerint.

226 1817 424 1846 Menandrum
448 1818 534 1846 huius
558 1819 667 1846 fabulae
691 1820 842 1846 auctorem
865 1818 1030 1855 principem
1054 1819 1160 1855 fuisse,
1197 1829 1267 1848 con-

140 1868 267 1898 fidenter
301 1868 495 1905 affirmamus,
531 1871 670 1907 quoniam
705 1869 742 1897 ab
775 1879 810 1897 eo
844 1870 975 1906 expressi
1009 1872 1078 1898 sunt
1106 1881 1133 1898 v.
1160 1871 1199 1898 87
1223 1881 1266 1908 sq.

142 1920 227 1955 Quod
262 1923 361 1949 autem
395 1924 521 1958 propter
554 1921 780 1949 similitudinem
818 1921 967 1958 quandam
1004 1922 1172 1957 argumenti
1202 1932 1267 1950 cum

140 1971 255 2000 Andria
277 1971 458 2000 Terentiana
480 1971 630 2008 Ladewig.
656 1972 734 2000 Mus.
752 1971 846 2000 Rhen.
872 1971 916 1999 III
939 1982 966 2009 p.
994 1973 1053 2000 532
1084 1972 1268 2001 Perinthiam
1308 2006 1313 2007 ⁷

141 2022 297 2051 Menandri
321 2023 496 2051 Cistellariae
518 2025 704 2061 prototypon
734 2022 824 2050 fuisse
854 2025 968 2058 censet,
1004 2023 1090 2051 nimis
1118 2024 1183 2052 leve
1213 2027 1266 2052 est.

141 2088 182 2093 --
206 2073 416 2102 Recentiorum
450 2074 525 2102 hanc
558 2074 690 2103 fabulam
724 2074 857 2102 imitatus
891 2074 1000 2102 dicitur
1034 2074 1140 2103 Cecchi
1173 2075 1267 2104 Italus
