1596 2478
310 149 350 177 94
825 145 917 171 Plauti
1234 145 1268 178 n,
1290 147 1312 178 1,
1330 147 1432 173 57—76

794 238 943 269 Tranio

635 291 769 323 Clauem
793 292 835 323 mi
859 292 986 323 harunc
1009 291 1138 323 aedium
1167 292 1363 324 Laconicam
1383 301 1433 328 396

312 347 379 378 lain
399 346 473 377 iube
491 346 606 377 ecferri
626 346 728 384 intus;
752 345 852 376 hasce
872 356 930 385 ego
949 345 1040 376 aedis
1059 346 1229 377 occludam
1251 345 1326 378 hinc
1340 347 1431 378 foris.

738 398 1001 431 Philolaches

311 454 348 484 In
373 458 462 485 tuam
485 453 689 485 custodelam
714 463 829 494 meque
854 456 888 484 et
912 463 998 484 meas
1022 463 1097 494 spes
1120 453 1226 491 trado,
1249 453 1379 486 Tranio.

797 506 947 538 Tranio

314 561 427 592 Pluma
450 560 537 591 haud
561 561 707 599 interest,
732 564 891 601 patronus
915 570 954 592 ac
978 560 1080 591 cliens
1105 560 1124 599 †
1149 561 1298 601 proprior
1322 562 1412 593 sciet.

763 627 982 634 .....

314 657 445 688 Homini
469 657 545 697 quoi
570 656 661 687 nulla
684 657 716 687 in
740 659 872 696 pectore
896 660 946 688 est
970 656 1125 695 audacia;
1385 667 1437 692 400

314 711 396 742 Nam
421 711 552 752 quoiuis
576 710 697 741 homini
721 709 773 741 uel
797 713 930 750 optumo
956 710 1007 741 uel
1032 721 1183 751 pessumo

315 764 472 802 Quamuis
496 764 647 795 desubito
671 763 766 795 facile
790 766 840 795 est
862 763 971 795 facere
994 765 1160 805 nequiter;

317 818 437 850 Uerum
462 817 494 849 id
519 817 696 849 uidendum
721 821 780 854 est,
804 817 837 848 id
861 817 923 848 uiri
947 817 1037 848 docti
1060 823 1109 849 est
1131 828 1221 858 opus,

315 872 406 910 Quae
430 871 612 912 dissignata
637 872 703 903 sint
725 875 759 903 et
781 871 871 902 sacta
892 872 1052 912 nequiter.

315 925 505 966 Tranquille
529 928 649 956 cuncta
671 928 708 956 ut
732 925 929 966 proueniant
952 928 984 956 et
1007 925 1076 956 sine
1101 925 1196 964 malo,
1386 935 1438 960 405

316 980 363 1011 Ne
387 979 466 1019 quid
491 980 648 1020 patiatur,
672 989 769 1019 quam
794 978 834 1010 ob
858 989 925 1010 rem
950 979 1062 1019 pigeat
1084 980 1205 1010 uiuere.

317 1033 408 1065 Sicut
431 1043 490 1072 ego
514 1032 662 1070 efficiam,
685 1043 770 1072 quae
795 1032 882 1064 sacta
904 1032 957 1064 hic
981 1033 1196 1070 turbauimus,

318 1086 467 1118 Profecto
491 1090 526 1117 ut
550 1086 699 1127 liqueant
723 1087 831 1117 omnia
854 1090 888 1118 et
911 1087 1093 1127 tranquilla
1116 1088 1181 1118 sint

318 1140 432 1181 Neque
457 1140 635 1180 quidquam
659 1139 753 1171 nobis
778 1141 908 1181 pariant
931 1151 969 1171 ex
993 1151 1027 1171 se
1051 1141 1257 1172 incommodi.

320 1194 383 1226 Sed
407 1194 484 1234 quid
509 1198 543 1225 tu
568 1193 721 1233 egredere
746 1193 928 1234 Sphaerio?

832 1247 932 1279 Puer

978 1302 1035 1333 Em
1059 1303 1186 1334 clauim.

812 1355 953 1387 Tranio

1225 1400 1365 1441 Optume
1391 1409 1442 1434 410

320 1443 506 1484 Praeceptis
531 1442 678 1483 paruisti.

834 1484 934 1515 Puer

731 1537 819 1569 Eius
842 1538 938 1569 iussit
961 1539 1103 1570 maximo

322 1593 428 1634 Opere
452 1603 554 1630 orare,
579 1596 615 1624 ut
638 1596 765 1633 patrem
789 1592 901 1632 aliquo
925 1591 1130 1624 absterreres
1155 1593 1260 1631 modo,

323 1646 370 1678 Ne
395 1648 533 1678 intraret
556 1646 665 1677 aedes.

808 1688 954 1720 Tranio

723 1742 809 1780 Quin
834 1743 932 1774 etiam
957 1741 1004 1773 illi
1028 1742 1089 1774 hoc
1113 1742 1223 1781 dicito,

391 1827 441 1853 396
459 1826 669 1853 harumcedium
711 1826 865 1852 iaconicam
887 1826 909 1852 0
951 1827 1001 1852 398
1019 1827 1176 1853 custodiam
1221 1827 1272 1853 399
1291 1827 1406 1854 addieuu
1426 1826 1448 1853 C

323 1870 375 1895 400
392 1872 435 1895 est
453 1870 482 1894 in
501 1872 615 1902 pectore
710 1870 758 1894 401
779 1869 855 1894 cuius
875 1868 987 1894 homine
1088 1868 1158 1896 Post
1175 1870 1225 1895 402
1244 1869 1356 1896 Clauem
1376 1870 1446 1896 cedo

325 1915 408 1945 atque
427 1911 482 1937 abii
501 1911 575 1937 iutro
595 1914 677 1944 atque
697 1910 808 1937 occludi
828 1911 928 1936 ostium
997 1913 1047 1937 403
1067 1911 1150 1938 docte
1169 1915 1212 1937 eat
1277 1913 1327 1938 404
1347 1912 1446 1945 dissig-

326 1954 384 1980 nita
403 1954 425 1979 C
501 1954 626 1987 nequitia
708 1955 759 1979 405
775 1954 900 1986 proximo
917 1955 1101 1986 postponitur.
1184 1957 1212 1980 et
1230 1957 1261 1980 ut
1280 1955 1448 1987 proueniant

324 1998 432 2022 sinemo
451 1997 524 2021 malo
595 1997 645 2022 406
665 1995 699 2022 Ni
718 1996 744 2022 B
813 1996 939 2029 potiatni·
1009 1997 1059 2022 40¹7
1079 1997 1254 2023 tui-habimus
1324 1998 1375 2022 408
1395 1996 1444 2023 lin-

325 2042 429 2072 queant
508 2040 558 2064 409
578 2040 688 2072 pariant
707 2039 787 2065 nobis
807 2038 829 2064 C
905 2039 979 2064 exeis
999 2038 1033 2069 Β,
1053 2039 1112 2065 exei
1133 2039 1156 2066 0
1232 2040 1282 2065 410
1300 2039 1447 2072 egrederes

326 2082 402 2115 perio
415 2081 523 2105 iamiam
537 2081 641 2113 optime
695 2083 740 2106 411
763 2089 826 2106 erus
837 2089 886 2106 om.
939 2082 989 2106 412
1009 2082 1096 2115 Opete
1149 2083 1200 2107 413
1218 2082 1293 2107 intro
1305 2081 1359 2107 iret
1369 2081 1448 2107 adest
