1596 2478
645 646 885 680 PENICULUS
919 647 1160 680 PARASITUS.

344 743 500 775 quentus
522 753 639 775 nomen
662 743 739 776 fecit
762 744 916 776 Peniculo
941 744 1028 783 mihi,

345 797 422 829 Ideo
446 798 524 838 quia
548 808 701 836 mensam,
726 798 858 839 quando
882 798 952 837 edo,
977 798 1139 839 detergeo.

345 851 502 883 Homines
526 852 675 892 captiuos
699 853 755 892 qui
779 853 904 884 catenis
926 853 1075 884 uinciunt

346 906 386 937 Et
408 906 463 946 qui
486 905 632 946 fugitiuis
656 907 759 938 seruis
781 906 899 938 indunt
922 907 1094 947 conpedes,
1428 915 1462 941 80

343 960 446 991 Nimis
469 959 569 991 stulte
593 959 716 992 faciunt
739 971 810 992 mea
833 961 964 1002 quidem
988 962 1164 999 sententia3

343 1013 426 1046 Nam
450 1014 572 1046 homini
598 1015 715 1046 misero
739 1015 766 1046 si
790 1015 831 1046 ad
856 1015 975 1046 malum
1000 1014 1128 1046 accedit
1152 1014 1281 1053 malum,

343 1069 448 1100 Maior
471 1068 582 1100 lubido
606 1072 657 1100 est
680 1069 789 1109 fugere
813 1073 846 1101 et
868 1069 975 1100 facere
998 1069 1162 1109 uequiter;

343 1123 424 1155 Nam
449 1133 483 1154 se
507 1133 545 1154 ex
568 1123 692 1155 catenis
716 1124 862 1155 eximunt
885 1123 993 1164 aliquo
1018 1122 1123 1159 modo,

343 1176 423 1208 Cum
446 1177 612 1218 conpediti
635 1187 734 1209 anum
756 1177 835 1209 lima
858 1180 1050 1218 praeterunt
1428 1185 1461 1210 85

343 1232 407 1263 Aut
428 1230 539 1272 lapide
563 1231 731 1263 excutiunt
755 1231 892 1263 clauom.
937 1231 1050 1271 Nugae
1074 1234 1151 1263 sunt
1173 1241 1239 1263 eae.

343 1285 446 1324 Quem
470 1289 505 1317 tu
529 1285 707 1317 adseruare
731 1289 829 1324 recte,
853 1297 892 1317 ne
915 1285 1072 1326 aufugiat,
1095 1285 1197 1323 uoles,

344 1339 426 1371 Esca
450 1343 549 1380 atque
574 1340 706 1379 potione
729 1340 846 1372 uinciri
870 1340 978 1379 decet3

343 1393 435 1434 Apud
461 1403 604 1424 mensam
629 1393 757 1434 plenam
782 1394 904 1426 homini
927 1398 1067 1426 rostrum
1091 1392 1223 1433 deliges.

343 1448 425 1479 Dum
450 1451 484 1479 tu
508 1447 564 1485 illi,
589 1448 675 1488 quod
701 1448 769 1480 edit
793 1451 825 1480 et
848 1448 934 1489 quod
959 1451 1059 1489 potet,
1083 1447 1242 1488 praebeas
1427 1454 1461 1480 90

342 1501 408 1533 Suo
431 1501 593 1533 arbitratu
617 1501 753 1534 adfatim
778 1502 922 1541 cottidie,

342 1556 525 1597 Numquam
551 1556 658 1588 hercle
683 1555 825 1597 effugiet,
847 1557 978 1589 tametsi
1003 1555 1125 1596 capital
1148 1555 1277 1594 fecerit3

342 1610 450 1642 Facile
473 1610 677 1649 adseruabis,
701 1610 778 1642 dum
801 1621 839 1642 eo
863 1611 971 1642 uinclo
996 1610 1127 1642 uincies.

343 1664 394 1696 Ita
417 1665 518 1696 istaec
541 1665 636 1696 nimis
660 1664 749 1696 lenta
773 1665 881 1696 uincla
903 1669 980 1697 sunt
1003 1665 1141 1696 escaria:

342 1718 444 1756 Quam
470 1719 573 1759 magis
597 1718 765 1757 extendas,
789 1722 882 1751 tanto
906 1719 1113 1758 adstringunt
1136 1717 1249 1749 artius.
1425 1725 1458 1750 95

342 1772 423 1804 Nam
447 1783 508 1813 ego
531 1772 573 1804 ad
597 1772 842 1804 Menaechmum
865 1773 950 1804 hunc
973 1783 1020 1811 eo,
1045 1772 1123 1813 quoi
1146 1772 1209 1803 iam
1233 1771 1288 1803 diu

342 1826 419 1858 Sum
443 1826 621 1866 iudicatum
645 1826 733 1859 ultro
757 1837 804 1866 eo,
830 1830 866 1858 ut
890 1837 939 1858 me
963 1827 1095 1859 uinciat.

408 1947 441 1972 82
459 1946 556 1972 misero
576 1945 599 1973 0
665 1945 768 1972 accidit
785 1945 812 1971 B
872 1946 906 1972 85
924 1945 992 1972 Tum
1059 1946 1152 1972 ianum
1172 1945 1194 1972 0
1258 1946 1292 1971 8⁷
1310 1944 1418 1977 afugiut
1437 1943 1459 1970 C

339 1989 373 2015 88
392 1989 498 2014 uincire
518 1988 601 2015 debet
620 1988 641 2014 G
700 1989 733 2014 89
752 1988 834 2022 plenu.
853 1988 876 2015 G
935 1991 1026 2014 rostru
1046 1988 1144 2022 diliges
1165 1988 1187 2015 C
1246 1988 1280 2013 90
1298 1987 1361 2012 edat
1381 1986 1404 2013 C

340 2031 458 2064 praebas
478 2031 499 2057 C
549 2032 582 2057 92
601 2030 757 2064 Numquam
777 2030 874 2064 edepol
895 2034 921 2057 te
941 2031 1027 2064 rugiet.
1081 2031 1133 2056 iam
1153 2030 1204 2057 etsi
1224 2030 1251 2061 C,
1270 2031 1336 2056 tiam
1357 2030 1408 2055 atsi
1430 2028 1456 2054 B

339 2074 372 2099 93
392 2074 531 2100 aseruabis
551 2073 628 2100 Dueo
649 2073 671 2101 C
745 2073 853 2100 uinculo
873 2074 898 2100 B
971 2075 1004 2099 94
1024 2073 1115 2100 uiuela
1132 2073 1174 2099 bis
1195 2072 1217 2099 G
1292 2073 1326 2099 96
1344 2081 1398 2105 quo
1418 2070 1454 2104 Β,

339 2115 356 2176 ii
376 2141 398 2167 C
464 2143 497 2167 97
516 2141 608 2167 uincia
627 2141 649 2168 C
