1596 2478
155 145 176 177 Ι,
198 148 218 176 1,
236 144 336 170 39-59
634 143 811 170 Mostellaria.
1239 146 1275 175 71

155 240 318 270 Germana
340 236 481 268 inluuies
504 237 599 274 ruris,
624 239 761 273 stercus,
786 237 868 268 hara
891 238 968 275 suis,

154 292 258 323 Canes
282 301 381 331 capro
405 290 590 321 commixta.

631 350 796 381 (ἐι-1111110

650 402 734 439 Quid
759 403 809 434 uis
833 402 925 434 fieri?
1244 414 1279 438 40

154 458 224 489 Non
249 467 360 488 omnes
385 460 524 496 possunt
547 456 634 487 olere
658 459 826 495 unguenta
850 457 987 496 exotica,

153 512 186 542 Si
211 514 245 542 tu
270 510 347 547 oles,
373 520 476 549 neque
501 510 650 550 superior
673 509 692 548 †
715 510 920 548 accumbere⁷

152 564 266 605 Neque
290 568 357 595 tam
381 563 508 601 facetis,
532 574 630 604 quam
654 567 700 598 tu,
724 563 802 594 uiuo
825 564 979 596 uictibus.

152 618 199 649 Tu
224 618 283 649 tibi
310 618 390 648 istos
415 617 539 648 habeas
563 620 720 654 turtures,
747 617 856 657 piscis,
881 619 969 657 auis3

154 672 228 702 Sino
254 683 303 702 me
328 671 442 702 alliato
467 671 557 710 fungi
581 670 732 701 fortunas
755 681 853 702 meas.
1244 682 1277 707 45

152 725 199 756 Tu
222 724 426 762 fortunatus,
452 734 511 763 ego
536 726 646 763 misem
673 725 833 764 patiunda
856 729 944 763 sunt3

153 779 258 810 Meum
284 779 402 809 bonum
427 788 486 815 mey
512 782 543 809 te
569 782 660 809 tuum
685 782 818 809 maneat
842 778 973 810 malum.

635 840 786 872 Tranio

152 895 252 932 Quasi
277 894 422 926 inuidere
447 894 524 925 mihi
548 894 611 925 hoc
635 895 757 931 uidere,
783 894 926 932 Grumio,

152 949 235 986 Quia
260 949 337 980 mihi
363 949 444 979 bene
468 952 517 980 est
541 953 574 980 et
596 948 655 979 tibi
681 947 764 978 male
790 953 848 979 est.
896 949 1184 988 Dignissumumst;

152 1002 252 1033 Decet
276 1014 325 1033 mc
350 1013 461 1034 amare
485 1006 517 1033 et
541 1006 572 1033 te
596 1002 845 1041 bubulcitarier,
1245 1011 1278 1036 50

151 1057 201 1088 Me
226 1057 379 1088 uictitare
404 1057 526 1097 pulcre,
550 1060 583 1088 te
608 1057 735 1087 miseris
760 1056 877 1088 modis.

632 1124 793 1156 Grumio

150 1179 177 1210 Ο
202 1179 403 1210 carnificium
428 1179 581 1217 cribrum,
606 1179 694 1219 quod
719 1178 816 1209 credo
840 1178 924 1217 fore3

149 1233 201 1264 Ita
224 1237 256 1264 te
280 1233 434 1264 forabunt
459 1233 679 1273 patibulatum
703 1242 763 1272 per
786 1232 858 1263 uias

151 1286 307 1325 Stimulis,
331 1287 358 1318 si
382 1287 446 1318 huc
469 1286 574 1318 saluos
598 1289 703 1317 noster
726 1287 877 1317 reueniat
899 1296 1009 1318 senex.

638 1354 786 1386 Tranio

151 1409 229 1447 Quis
253 1410 326 1448 scis,
351 1420 391 1441 an
416 1409 476 1440 tibi
500 1410 585 1440 istuc
609 1409 742 1441 eueniat
764 1409 856 1449 prius
881 1420 979 1449 quam
1003 1408 1105 1440 mihi?
1242 1417 1274 1442 55

629 1477 791 1508 Grumio

152 1533 234 1571 Quia
258 1543 434 1574 numquam
458 1533 576 1570 merui3
600 1535 635 1562 tu
660 1532 810 1562 meruisti
834 1534 867 1562 et
889 1541 974 1563 nunc
998 1541 1113 1563 meres.

640 1599 787 1631 Tranio

152 1655 319 1686 Orationis
343 1665 475 1694 operam
500 1653 672 1694 compendi
694 1654 777 1690 face,

151 1709 221 1740 Nisi
247 1717 278 1741 te
303 1708 389 1740 mala
411 1718 446 1739 re
471 1718 588 1747 magna
615 1709 751 1739 mactari
776 1708 876 1748 cupis.

629 1775 794 1807 Grumio

152 1832 271 1863 Eruom
298 1831 430 1861 daturin
454 1831 539 1868 estis,
567 1829 674 1861 bubus
699 1830 786 1870 quod
811 1830 935 1861 feram?

220 1952 252 1977 39
272 1951 390 1976 rusticus
410 1950 504 1975 hircus
523 1949 590 1974 hara
609 1949 650 1974 sui
708 1950 742 1974 40
760 1957 858 1974 canem
877 1957 989 1982 capram
1009 1949 1191 1975 commixtam
1243 1950 1278 1975 42

153 1994 280 2026 superior
300 2001 382 2026 quam
402 2000 466 2017 erus
487 1992 652 2017 accumbere
671 1991 698 2016 B
758 1992 791 2017 43
811 1991 882 2017 uiuis
944 1992 978 2017 45
996 1991 1087 2017 aleato
1147 1992 1181 2017 50
1198 1991 1279 2017 Licet

152 2044 244 2062 amare
265 2035 287 2062 G
371 2036 404 2060 52
424 2033 582 2060 carnificum
672 2035 704 2060 53
723 2034 918 2067 patibulatitur
938 2033 960 2060 G
1043 2035 1077 2059 54
1095 2033 1231 2060 Stimuliis
1251 2032 1279 2059 B

149 2079 241 2105 saluos
260 2081 356 2104 nostor
374 2085 422 2104 om.
493 2078 526 2103 59
546 2076 662 2102 Seruom
682 2076 776 2102 daturi
