1596 2478
120 208 152 240 11,
171 209 194 241 2,
213 209 312 234 42-54
597 207 778 234 Menaechmi.
1173 210 1227 238 181

568 301 780 341 Cylindrus

117 356 205 388 Solet
228 355 326 387 iocari
350 365 448 395 saepe
473 365 595 386 mecum
619 355 695 386 illoc
720 356 823 388 modo.

118 409 273 448 Quamuis
296 408 452 440 ridiculus
476 413 536 447 est,
560 408 614 440 ubi
640 420 720 440 uxor
743 421 808 442 non
832 409 934 441 adest.

117 463 198 502 Quid
223 464 271 495 ais
295 463 352 494 tu?

534 522 806 554 Menaechmus

394 577 478 615 Quid
501 577 574 609 uis?

566 636 781 676 Cylindrus

565 691 686 722 Dicam.
735 691 826 722 Satin
850 691 921 724 hoc.
946 693 1032 732 quod
1057 693 1160 729 uides,
1180 702 1230 727 315

112 745 230 777 Tribus
254 746 346 777 uobis
369 749 606 786 opsonatumst,
631 756 672 776 an
696 756 820 786 opsono
845 746 983 786 amplius

113 800 184 831 Tibi
209 804 241 832 et
264 801 410 841 parasito
435 803 467 831 et
490 799 640 830 mulieri?

529 859 811 892 Menaechmus

677 913 764 951 Quas
789 914 948 952 mulieres,

112 966 199 1004 Quos
223 970 259 999 tu
284 968 450 1006 parasitos
473 968 630 1009 loquere?

571 1039 771 1072 Messenio

663 1093 758 1131 Quod
781 1097 814 1125 te
837 1097 932 1133 urget
955 1094 1073 1132 scelus,

111 1147 171 1185 Qui
194 1147 269 1179 huic
293 1148 336 1180 sis
360 1148 536 1180 molestus?

560 1207 778 1250 Cylindrus

552 1262 636 1300 Quid
660 1263 720 1294 tibi
744 1273 868 1294 mecum
888 1267 942 1295 est
965 1265 1032 1295 rei?

111 1316 178 1357 Ego
202 1321 233 1347 te
258 1327 320 1348 nou
345 1317 436 1355 noui;
459 1327 532 1348 cum
554 1317 626 1355 hoc,
651 1327 747 1357 quem
772 1318 858 1354 noui,
883 1317 1022 1349 fabulor.
1178 1326 1229 1352 320

566 1385 764 1417 BIessenio

108 1439 180 1471 Non
205 1439 319 1480 edepol
344 1443 380 1471 tu
403 1440 499 1471 homo
524 1451 623 1471 sanus
648 1451 690 1472 es.
716 1444 805 1471 certo
830 1442 904 1472 scio.

564 1511 780 1552 Cylindrus

109 1564 177 1596 Iam
201 1576 278 1604 ergo
302 1565 382 1597 haec
407 1566 585 1597 madebunt
609 1566 700 1604 saxo3
722 1566 804 1597 nihil
830 1567 1019 1598 morabitur.

109 1618 204 1650 Proin
229 1623 263 1650 tu
288 1630 326 1650 ne
350 1630 415 1660 quo
439 1619 538 1651 abeas
563 1619 691 1660 longius·
716 1620 757 1651 ab
781 1621 831 1652 leis
854 1621 1000 1652 aedibus.

109 1673 192 1704 Num
216 1674 294 1714 quid
319 1674 392 1705 uis?

526 1734 806 1767 Menaechmus

436 1788 478 1820 Ut
501 1799 558 1821 eas
582 1799 766 1820 maxumam
790 1790 908 1821 malam
933 1801 1070 1822 crucem.

552 1859 775 1901 Cylindrus

107 1912 157 1944 Ire
181 1913 288 1945 hercle
313 1914 445 1946 meliust
468 1920 500 1946 te
523 1916 610 1946 intro
635 1916 698 1946 iam
723 1919 821 1955 atque
845 1916 1051 1953 adcumbere,
1174 1925 1225 1950 325

174 2025 224 2050 313
243 2024 327 2050 iocari
389 2025 437 2050 illo
458 2024 479 2051 C
539 2027 588 2052 314
608 2025 739 2051 ridiculos
760 2026 781 2051 G
847 2028 896 2052 315
915 2025 966 2059 Qui
986 2027 1025 2052 ais
1045 2030 1075 2052 tu
1095 2027 1162 2060 quid
1180 2028 1222 2053 uis

107 2067 218 2100 inquam
290 2067 376 2093 satisn
397 2067 418 2093 0
478 2069 528 2094 316
547 2069 626 2094 uobis
644 2068 672 2094 Β
737 2070 903 2095 obsonatust
969 2071 1018 2095 317
1037 2079 1106 2103 quas
1125 2074 1156 2097 tu

107 2109 221 2136 muliere
241 2110 263 2136 C
343 2111 394 2136 318
413 2111 547 2143 paratitos
630 2117 731 2145 urguet
750 2112 776 2137 B
858 2113 908 2139 323
926 2112 1027 2139 habeas
1047 2113 1138 2146 logius

107 2151 149 2177 his
169 2159 217 2178 om,
288 2154 338 2178 325
358 2153 467 2179 intvrim
489 2157 570 2187 atque
590 2156 726 2180 accubare
747 2155 769 2181 C
