1561 2473
628 211 658 236 v.
677 213 820 238 882—907.
1227 216 1289 245 43⁷

165 309 278 341 ausim,
314 308 447 344 quamvis
471 308 531 336 haec
556 308 676 336 ablativi
701 308 795 337 forma
819 319 875 337 non
900 309 970 337 alibi
1003 310 1186 343 inveniatur,
1223 320 1288 338 num

165 359 243 396 apud
256 358 314 386 Cic.
331 358 412 386 verr.
430 359 481 392 111,
500 360 550 393 47,
574 360 631 387 112
652 359 737 387 hodie
761 370 796 387 ex
821 359 905 388 codd¹
926 363 955 387 et
975 360 1125 388 Prisciano
1147 360 1285 397 „iugero*⁴

165 409 277 444 editum
302 409 352 436 sed
378 410 487 447 plurnli
513 420 633 438 numero
657 411 832 448 plerumque
859 409 1060 446 ‚,iuge1·ibus“.
1081 425 1122 430 —
1145 411 1190 438 Ad
1214 411 1289 438 hanc

165 470 224 488 rem
249 458 461 497 optinendam,
494 462 511 488 i.
536 471 560 488 e.
587 460 782 495 efficiendam,
807 462 842 489 cf.
868 461 959 489 Stich.
985 462 1056 496 457,
1082 462 1126 489 vel
1151 462 1188 490 ad
1212 462 1289 490 hunc

164 512 299 540 morbum
323 511 486 540 curandum
510 512 576 548 plus
600 512 642 540 ait
665 512 808 540 hellebori
832 522 905 550 opus
930 522 1008 546 esse,
1033 523 1120 550 quam
1145 515 1288 549 quantum

163 564 264 600 iugero
299 564 362 599 agri
397 564 509 600 percipi
545 563 653 600 possit,
689 572 811 599 prorsus
840 566 873 590 ut
901 563 1005 591 Horat.
1032 563 1091 592 Sat.
1117 564 1152 599 II,
1180 565 1206 599 3,
1233 565 1287 593 83:

165 614 290 649 „Nescio
325 624 361 642 an
393 615 564 650 Anticyram
599 614 676 642 ratio
711 614 768 642 illis
804 614 933 642 destinet
965 613 1111 642 omnem“.
1170 615 1224 652 Ep.
1250 615 1287 643 ad

162 665 260 694 Pison.
287 666 362 694 300:
402 666 515 699 „tribus
540 664 691 702 Anticyris
720 668 809 701 caput
834 664 1025 693 insanabile¹‘.
1073 666 1106 693 R.
1132 676 1167 694 ex
1192 666 1284 694 Luch-

162 717 260 744 manui
285 717 468 744 coniectura:
497 714 679 753 ,‚uuguine“;
705 725 805 744 verum
832 726 888 744 non
914 720 1073 752 unguento,
1098 717 1148 744 sed
1166 718 1286 755 potione

162 767 305 795 hellebori
336 771 457 795 curatur
487 768 615 804 insania,
651 768 685 795 cf.
717 768 786 795 931.
835 767 954 795 Lucian.
981 768 1036 796 Vit.
1063 772 1139 796 auct.
1166 769 1220 796 23:
1255 769 1287 796 m’·

162 819 241 855 θέμις
264 820 395 855 γενέσθαι
420 820 514 854 σοφόν,
539 819 568 853 ἢν
589 820 625 854 μὴ
650 819 705 855 τρὶς
727 819 820 853 ἐφεξῆς
842 820 889 845 wiv
907 820 1049 855 ἐλλεβόρου
1068 821 1138 855 πίῃς.
1153 833 1193 838 -
1213 820 1284 848 899.

161 867 240 906 quid
261 868 334 898 ais?
358 870 391 898 cf.
409 872 478 898 315.
500 884 540 889 —
565 871 635 898 900.
660 867 776 898 Album
800 877 841 898 an
864 869 974 898 atrum.
1024 871 1164 906 „Colores
1187 869 1281 899 vinis‘⁴

161 922 202 949 ait
228 920 301 949 Plin.
325 921 359 949 H.
379 921 413 949 N.
427 921 504 951 XIV.
530 923 557 956 9,
585 923 632 957 ll,
658 922 696 949 80
724 924 899 958 „quattuor‚
925 921 1023 958 albus,
1054 922 1166 957 sulvus,
1198 931 1284 957 sang-

159 973 274 1008 uineus,
304 971 420 1009 niger“.
477 972 533 1001 Sed
566 975 701 1001 accurate
733 973 862 1009 exigenti
893 974 991 1001 vinum
1022 983 1074 1001 nec
1104 973 1202 1001 album
1232 983 1284 1001 nec

160 1024 276 1061 nigrum
301 1033 322 1051 s.
348 1026 446 1052 atrum
470 1027 523 1059 est,
548 1028 577 1052 et
601 1025 630 1052 in
654 1024 861 1060 respondendo
886 1024 1083 1052 Menaechmue
1108 1034 1165 1052 non
1188 1025 1283 1052 solum

159 1075 293 1102 inutilem
319 1075 424 1103 medici
448 1076 641 1112 quaestionem
667 1079 856 1112 aspernatur,
893 1075 944 1102 sed
969 1077 1059 1103 etiam
1082 1076 1228 1112 significat
1253 1085 1284 1102 se

159 1135 216 1153 non
241 1127 334 1162 magis
359 1127 458 1154 albuin
483 1128 534 1153 aut
558 1129 655 1154 atrum
681 1127 779 1154 vinum
805 1129 922 1163 potare,
955 1136 1042 1163 quam
1067 1136 1172 1164 panem
1196 1126 1283 1154 edere

158 1187 341 1215 purpureum
371 1180 424 1206 aut
451 1178 607 1214 puniceum
640 1181 691 1205 aut
716 1178 842 1212 luteum,
879 1177 975 1215 qualis
998 1177 1096 1206 nullus
1121 1180 1176 1212 est,
1214 1187 1280 1205 nam

159 1229 244 1266 panis
268 1229 351 1257 albus
375 1238 437 1256 esse
462 1228 557 1264 debet,
583 1232 636 1256 aut
659 1238 726 1256 aves
749 1229 886 1266 squamis,
912 1229 1007 1265 pisces
1031 1230 1134 1266 pennis
1154 1230 1281 1256 instruc-

159 1283 216 1308 tos.
239 1294 280 1299 —-
304 1280 349 1308 Ex
372 1281 416 1313 iis,
441 1289 506 1317 quae
529 1280 558 1308 in
585 1281 717 1315 margine
741 1280 804 1308 cod.
830 1280 853 1308 B
878 1280 914 1307 ad
939 1280 1021 1308 Cure.
1047 1280 1106 1307 242
1131 1279 1284 1316 adscripta

159 1335 238 1365 suut,
262 1341 288 1359 v.
313 1331 423 1359 Comm.
448 1341 476 1369 p.
503 1332 579 1367 547,
605 1330 637 1359 R.
663 1333 831 1368 suspicatus
855 1335 899 1358 est
923 1331 980 1359 duo
1004 1340 1106 1359 versus
1129 1331 1223 1358 fuisse
1247 1330 1283 1358 ad

159 1383 218 1411 tale
243 1382 408 1420 exemplar:

202 1433 309 1461 Albuin
323 1443 359 1461 an
372 1436 469 1461 atrum
483 1434 585 1461 uinum
599 1431 707 1471 potas?
731 1432 827 1461 MEN.
848 1432 924 1467 Quid
939 1432 995 1460 tibi
1009 1434 1174 1470 quaesitost
1187 1432 1282 1470 opus?

203 1481 313 1521 [MED.
335 1484 435 1520 Magni
455 1485 556 1519 refert,
581 1486 632 1521 qui
651 1484 729 1512 colos
749 1482 800 1519 sit]
826 1483 920 1512 MEN.
941 1484 1018 1519 Quin
1037 1487 1068 1512 tu
1088 1486 1111 1512 is
1130 1486 1160 1512 in
1174 1484 1282 1512 malam

1066 1534 1202 1563 crucem?

159 1586 218 1615 Sed
241 1596 334 1624 parvo
359 1586 533 1615 aestimanda
557 1597 619 1615 esse
643 1587 709 1621 ista,
734 1596 798 1624 quae
823 1587 869 1614 vel
892 1586 1007 1614 librarii
1031 1586 1078 1615 vel
1097 1587 1229 1624 legentes
1248 1597 1283 1615 ex

157 1640 300 1667 memoria
328 1639 358 1665 in
388 1639 521 1675 margine
552 1638 788 1675 adscripserunt,
824 1641 948 1675 apparet
982 1640 1154 1675 comparato
1189 1638 1282 1665 altero

159 1690 246 1718 huius
268 1689 377 1717 fabulae
400 1690 480 1724 loco,
515 1699 541 1718 v.
567 1690 628 1718 907
652 1699 712 1727 sq.,
748 1690 799 1726 qui
829 1691 857 1717 in
888 1689 990 1717 eodem
1015 1689 1079 1718 cod.
1105 1689 1141 1717 ad
1165 1689 1281 1717 curcul.

160 1742 220 1770 222
250 1742 300 1770 sic.
333 1740 528 1769 adscribitur:
567 1740 689 1775 „Solent
716 1740 771 1768 tibi
800 1741 877 1769 oculi
907 1740 974 1768 duri
1002 1740 1088 1768 fieri?
1136 1739 1282 1769 Censesne

158 1793 304 1821 locustam
328 1790 433 1821 eese‘?“
488 1792 584 1820 Aliter
602 1792 705 1820 eodem
726 1792 929 1820 additamento
953 1791 1076 1820 Vahlen.
1096 1802 1165 1820 usus
1185 1794 1231 1819 est
1253 1792 1283 1819 in

158 1845 260 1873 ed.—
281 1845 353 1873 901.
379 1843 516 1879 occeptat
539 1840 853 1879 edd.-primulum‚
878 1843 913 1871 cf.
942 1844 1031 1871 1096.
1067 1842 1130 1871 Mil.
1157 1843 1284 1871 999.—

161 1892 245 1932 Quin
263 1895 297 1924 tu
315 1900 409 1932 royas
422 1894 508 1922 Both.
522 1909 562 1913 —
582 1894 652 1922 903.
677 1901 862 1930 squamosas
885 1894 930 1922 ed.
952 1904 996 1932 pr.
1016 1909 1056 1912 —
1076 1894 1147 1922 904.
1172 1891 1284 1922 Audin

158 1947 192 1975 tu
205 1947 249 1975 ed.
263 1957 308 1984 pr.
328 1962 368 1965 —
390 1946 460 1974 905.
479 1943 625 1982 percipit,
650 1945 753 1973 ultima
772 1945 873 1982 longa,
899 1956 924 1973 v.
946 1945 1063 1982 Proleg.
1084 1956 1112 1983 p.
1135 1947 1202 1974 196.
1249 1946 1282 1974 R.

161 1996 342 2036 „percipiat“
376 1997 432 2033 ed„
455 1996 583 2026 Weisius
619 1995 813 2034 „percitust“.
844 2011 884 2015 -
915 1997 985 2025 906.
1022 1996 1117 2026 Verba
1145 1998 1282 2034 personis

158 2053 238 2078 recte
262 2049 415 2078 distribuit
438 2046 602 2077 Acidalius.
627 2063 668 2067 —
695 2045 826 2080 Occidi&
850 2057 889 2076 sc.
915 2058 968 2082 me,
993 2058 1019 2076 v.
1044 2048 1082 2076 ad
1105 2049 1187 2076 Asin.
1210 2049 1280 2076 392.

160 2115 196 2119 —
228 2097 377 2136 fabulam-s·
399 2099 513 2128 Acidal.
539 2110 593 2128 em.
624 2115 665 2118 —
699 2100 770 2127 907.
807 2095 887 2127 oculi
915 2097 987 2127 duri
1015 2099 1101 2127 nobis
1123 2099 1212 2136 rigidi
1236 2099 1280 2126 di-

158 2155 275 2180 cuntur.
323 2152 433 2179 Horum
458 2151 546 2179 hebes
570 2152 650 2180 visus
674 2154 727 2178 est.
775 2150 850 2178 Plin.
872 2150 905 2178 H.
927 2150 961 2178 N.
981 2149 1033 2186 XI,
1056 2152 1104 2185 37,
1130 2152 1178 2185 55,
1206 2150 1280 2178 152:
