1596 2478
305 189 363 218 116
815 183 905 210 Plauti
1199 183 1251 216 111,
1270 186 1295 218 2⁷
1314 185 1415 212 20-32

387 279 539 317 Uostrae;
562 279 652 316 haec,
675 282 727 310 sat
749 278 825 312 scio.
850 288 947 319 quam
972 288 1021 310 me
1044 278 1144 310 habet
1168 279 1260 311 male.

387 333 480 366 Peius
505 332 644 373 posthac
667 332 735 364 fore
759 342 856 373 quam
881 331 944 363 suit
966 332 1053 370 mihi,
1078 332 1218 364 arbitror.

785 386 930 418 Tranio

387 441 503 472 Abitus
525 441 553 471 si
575 444 650 472 tuus
672 440 742 477 tibi,
767 451 874 479 senex,
899 440 1010 473 fecerit
1036 441 1127 478 male,

387 495 473 526 Nihil
499 496 561 526 erit
585 494 673 535 quod
697 494 832 526 deorum
855 494 956 526 ullum
980 495 1158 532 accusites3

387 549 430 580 Te
454 549 523 589 ipse
546 551 615 581 iure
640 552 772 590 optumo
797 549 912 580 merito
936 549 1061 580 incuses
1085 548 1170 580 licet.
1365 557 1416 582 700

386 603 528 643 Tempus
551 612 636 633 nunc
659 605 709 634 est.
731 612 839 634 senem
862 602 947 633 hunc
970 602 1102 643 adloqui
1126 602 1214 634 mihi.

388 647 457 688 Hoc
480 656 595 694 habet3
618 657 758 697 repperi,
782 657 836 697 qui
861 666 969 687 senem
993 656 1156 693 ducerem,

387 711 456 749 Quo
481 711 556 742 dolo
579 721 599 742 a
622 721 671 742 me
695 710 839 742 dolorem
866 709 978 750 procul
1003 710 1164 751 pellerem.

387 765 561 797 Adcedam.
607 764 647 795 Di
670 767 702 795 te
726 768 835 796 ament
858 764 1053 804 plurumum,
1077 764 1172 796 Simo.

808 817 912 850 Simo

388 862 504 894 Saluos
530 862 582 899 sis,
605 861 734 892 Tranio.

783 915 930 947 Tranio

775 968 818 1000 Ut
839 969 951 1001 uales‘?

808 1023 912 1055 Simo

406 1102 409 1105 v
987 1065 1057 1097 Nou
1084 1066 1174 1097 male.
1367 1075 1417 1100 705

388 1109 472 1147 Quid
496 1110 586 1150 agis?

784 1162 931 1194 Tranio

570 1217 739 1248 Hominem
764 1220 931 1258 optumum
956 1220 1060 1248 teneo.

809 1270 912 1303 Simo

1065 1314 1174 1345 Amice
1198 1313 1288 1350 facis,

390 1357 494 1394 Quom
518 1368 568 1388 me
592 1357 714 1388 laudas.

787 1410 933 1442 Tranio

754 1464 855 1496 Decet
877 1468 974 1496 certe.

808 1517 911 1550 Simo

999 1559 1046 1591 At
1065 1570 1119 1601 eqo
1141 1560 1249 1595 hercle

509 1616 606 1648 Haud
630 1616 747 1647 bonum
772 1619 868 1647 teneo
891 1625 1027 1646 seruom.

714 1669 1008 1708 Theopropides

392 1725 497 1756 Etiam
523 1723 675 1763 mastigia
698 1723 738 1753 ad
764 1733 813 1754 me
838 1723 947 1754 redis?

793 1777 936 1808 Tranio

995 1830 1060 1861 lam
1084 1831 1137 1862 isti
1160 1841 1224 1863 ero.

375 1926 424 1951 696
443 1934 486 1951 me
505 1932 553 1950 om.
574 1923 624 1950 BG
683 1923 784 1949 habeat
843 1924 893 1949 697
913 1923 1004 1949 Pelius
1024 1923 1076 1951 ΒΟ
1127 1925 1248 1951 arbitror
1266 1932 1316 1951 om.
1370 1925 1421 1950 698

308 1969 329 1993 si
349 1975 400 1993 om.
471 1968 521 1993 699
541 1967 646 1993 nullum
666 1965 718 1992 BC
783 1966 834 1990 700
852 1966 939 1998 ipsum
960 1968 985 1991 A
1057 1967 1180 1993 incussos
1199 1968 1232 1997 A,
1251 1968 1354 1993 incusis
1373 1967 1423 1993 BC

307 2012 354 2036 701
376 2010 555 2042 adloquimiui
576 2009 627 2036 BC
705 2009 755 2034 702
773 2016 865 2033 semen
887 2008 907 2033 C
990 2010 1039 2035 703
1057 2009 1137 2041 Quod
1219 2012 1269 2036 705
1289 2012 1375 2036 Sauos
1396 2009 1421 2035 Β

308 2054 358 2077 706
377 2056 403 2077 te
423 2053 583 2078 ncouumice
659 2053 709 2077 707
728 2051 781 2076 mel
801 2050 878 2076 nudis
898 2051 920 2075 C
987 2052 1036 2077 707
1054 2061 1092 2085 aqi
1115 2052 1155 2079 Sl.
1176 2053 1267 2078 hercle
1286 2055 1313 2077 te
1332 2052 1420 2077 habeo

309 2095 360 2120 buu
382 2095 486 2120 Bonum
507 2094 557 2120 Bc
626 2095 676 2120 709
696 2094 745 2119 Em
764 2093 892 2124 mastigia
912 2092 947 2122 Β,
966 2093 1056 2121 Etiam
1076 2095 1176 2128 astigia
1196 2095 1218 2121 C
1284 2095 1419 2120 redieram

311 2138 371 2163 istic
390 2136 425 2169 B,
445 2146 473 2163 ie
494 2138 537 2162 die
556 2138 713 2164 annis-cicero
734 2138 755 2164 C
