1596 2478
606 185 638 211 V.
657 187 799 213 287—306.
1206 189 1267 219 323

229 282 352 310 303-5
378 281 520 310 iambicos
544 283 712 311 octonario<
737 293 799 311 esse
823 283 897 311 vidit
920 282 1047 312 Winter.
1071 282 1267 312 Reconstruc-

141 334 203 360 tion
233 332 286 360 der
317 332 536 361 Plautinischen
565 332 685 362 Cantica
716 344 743 371 p.
771 335 819 362 37.
873 333 917 362 Fl.
943 337 973 362 et
997 333 1046 371 Sp.
1079 335 1123 369 „is
1146 333 1210 362 est“
1237 335 1267 362 in

140 384 268 421 priorem
295 394 408 412 versum
433 387 628 412 retraxerant.
643 399 684 404 —
704 385 773 413 304.
803 385 939 417 „eccum“
957 395 1010 422 pro
1026 383 1128 420 „cum“
1144 385 1190 414 ed.
1203 395 1266 423 pr.;

143 435 202 463 Leo
226 445 254 472 p.
278 436 314 463 10
339 436 447 468 omisit,
479 438 567 462 recte.
593 449 627 454 —
651 437 720 464 305.
745 433 959 472 manipulares
980 434 1107 465 Winter.
1127 440 1161 464 ut
1179 436 1266 465 Truc.

140 486 211 515 486.
258 485 381 513 Brevior
411 486 503 514 forma
534 486 610 514 infra
643 487 733 515 1032.
780 488 844 516 Mil.
871 489 941 517 815.
989 488 1037 516 Sic
1059 488 1175 516 sodales
1198 497 1267 516 suos

141 537 290 575 nppellat3
309 534 431 573 praeda
453 539 553 565 viuum
577 540 608 566 et.
630 539 798 566 convivium
825 541 878 566 est..

227 589 372 617 306—39
409 588 561 616 Canticum
598 590 688 616 variis
722 590 851 617 numeris
880 590 1084 626 compositum.
1137 590 1197 619 306
1222 589 1267 618 di-

142 643 232 667 meter
256 639 430 667 bacchiacus
454 649 518 667 cum
542 639 772 676 penthemimere
796 639 930 668 iambico.
969 641 1028 669 307
1054 641 1168 669 similis.
1207 641 1267 670 308

141 690 289 718 trochaica
313 691 444 728 tripodis
468 692 640 719 catalectico
662 691 791 729 repetita
809 687 850 728 (v.
865 691 1001 728 Spengel.
1017 691 1266 721 Reformvorschl.

140 751 168 778 p.
195 737 257 778 94).
294 742 353 770 309
378 741 545 769 trochaicus
570 742 715 770 trimeter.
753 742 811 771 310
837 744 951 771 similis.
988 744 1045 771 311
1073 744 1268 781 anapaesticus

140 793 273 821 dimeter,
306 793 365 821 312
386 793 499 821 similis.
532 794 591 821 313
607 793 723 821 dubius.
755 794 815 821 314
834 804 920 831 anap.
934 793 1068 822 dimeter.
1101 795 1160 823 315
1180 804 1266 832 anap.

141 843 265 872 dimeter
290 844 585 881 hypercatalecticus.
633 845 692 872 316
717 844 831 873 similis.
879 846 939 873 317
963 845 1105 874 iambicus
1124 846 1267 875 senarius.

143 896 288 924 318—19
321 896 490 931 anapaestici
522 895 651 922 dimetri.
711 897 770 924 320
801 897 946 924 iambicus
969 897 1147 925 octonarius.
1207 898 1266 926 321

141 956 228 984 antip.
253 947 389 975 dimeter.
426 946 486 974 322
511 949 683 975 tetrameter
707 947 889 975 bacchincus.
927 948 1071 976 323—25
1096 949 1269 986 anapaestici

140 997 266 1026 dimetri.
324 998 384 1026 326
416 997 561 1026 iambicus
584 999 726 1026 senarius.
782 999 841 1026 327
872 998 1016 1027 iambicus
1045 999 1172 1027 dimeter
1202 1009 1267 1027 cum

140 1048 318 1078 choriambo.
345 1049 405 1077 328
420 1050 546 1077 creticus
559 1050 695 1077 trimeter
708 1046 1042 1086 hypercatalecticus*).
1069 1051 1127 1078 329
1143 1063 1181 1071 =
1197 1051 1268 1079 328.

141 1100 201 1129 330
225 1102 359 1128 trimeter
382 1101 517 1128 creticus.
561 1100 706 1129 331-33
722 1113 759 1122 =
775 1101 845 1129 328.
887 1102 947 1129 334
972 1103 1108 1128 trimeter
1131 1102 1268 1130 creticus.

141 1152 287 1180 335—36
302 1164 340 1172 =
356 1152 425 1179 328.
474 1152 533 1179 337
550 1164 587 1172 =
604 1152 672 1180 308.
722 1152 781 1180 338
805 1152 973 1180 trochaicus
998 1152 1125 1180 dimeter
1144 1153 1268 1181 catalec-

140 1203 215 1231 ticus
238 1204 394 1240 repetitus.
443 1204 502 1231 339
528 1203 655 1230 dimeter
678 1202 821 1231 iambicus
845 1213 909 1231 cum
933 1203 1071 1232 trochaeo.

227 1255 296 1282 306.
322 1254 541 1287 Callidamates,
568 1254 748 1282 Philolachis
772 1254 890 1288 sodalis,
923 1255 1004 1292 apud
1028 1255 1118 1283 alium
1142 1256 1267 1283 amicum

140 1315 273 1342 pransuS,
297 1309 453 1343 postquam
477 1305 564 1334 huius
589 1315 653 1333 eum
678 1305 805 1334 convivii
828 1309 989 1342 pertaesum
1013 1309 1067 1342 est,
1091 1306 1149 1334 iam
1169 1307 1268 1335 ebrius

140 1367 204 1385 cum
229 1356 357 1394 Delphio
381 1358 475 1384 amica
497 1357 534 1384 ad
560 1356 759 1384 Philolachem
784 1358 968 1385 comissatur.
1026 1356 1127 1386 Servis
1150 1357 1266 1395 pedise-

140 1409 205 1445 quis
230 1409 375 1445 imperat,
406 1411 439 1436 ut
463 1408 616 1445 aliquanto
640 1411 722 1444 post,
752 1407 803 1435 ubi
827 1407 993 1435 dormiendi
1015 1411 1132 1446 tempus
1155 1409 1269 1437 venerit

140 1459 320 1496 domumque
344 1459 472 1487 eundum
497 1460 544 1490 sit.
570 1459 626 1486 sibi
651 1459 806 1486 adversum
832 1460 954 1487 veniant
979 1459 1139 1488 comitandi
1169 1469 1266 1494 causa,

140 1520 250 1547 eosque
269 1511 346 1538 infra
364 1521 391 1538 v.
411 1511 471 1538 842
491 1510 528 1538 ad
547 1510 601 1537 hoc
621 1510 842 1547 exsequendum
856 1511 967 1538 reverti
981 1511 1128 1547 videmus;
1152 1511 1188 1539 cf.
1202 1510 1268 1540 Cas.

140 1562 211 1590 440.
238 1561 314 1590 Men.
328 1562 405 1589 426:
433 1561 496 1595 „Tu
509 1562 597 1590 facito
611 1565 678 1588 ante
692 1561 783 1589 solem
798 1571 933 1590 occasum
947 1566 980 1590 ut
993 1563 1095 1590 uenias
1108 1563 1268 1590 aduersum

141 1611 243 1640 mihi“.
289 1612 380 1641 Stich.
407 1613 467 1641 608
497 1623 556 1650 sq.:
592 1612 675 1646 „Non
704 1616 738 1641 tu
768 1614 837 1647 scis,
874 1622 961 1649 quam
992 1612 1184 1641 adflictentur
1217 1613 1268 1641 ho-

141 1665 235 1692 mines
259 1666 347 1692 noctu
370 1663 418 1691 hic
441 1664 471 1691 in
496 1663 564 1692 uia'?
610 1663 670 1692 PA.
700 1663 797 1692 Tanto
821 1664 933 1701 plures,
958 1665 1008 1701 qui
1032 1664 1202 1699 defendant,
1226 1665 1269 1692 Ire

141 1715 300 1744 aduersum
324 1713 471 1743 iusser0“.
507 1715 573 1743 Ter.
588 1715 644 1743 Ad.
665 1715 719 1743 26:
747 1714 831 1750 „Non
855 1715 946 1743 rediit
969 1715 1024 1743 hac
1048 1718 1134 1743 nocte
1157 1725 1174 1744 a
1197 1724 1270 1743 cena

140 1766 303 1794 Aeschinus
334 1775 429 1803 neque
459 1765 645 1794 seruolorum
676 1767 850 1804 quisquam,
882 1767 933 1803 qui
956 1766 1115 1795 aduorsum
1138 1764 1267 1794 ierant“.

146 1832 177 1836 Δ,
205 1815 309 1845 ueniri
332 1817 432 1845 Dousa
456 1826 510 1845 em.
542 1831 578 1835 —
616 1817 724 1855 Speng.
749 1820 783 1845 ut
810 1817 888 1845 hunc
911 1821 940 1845 et
963 1818 1130 1855 proximum
1152 1827 1269 1845 versum

141 1870 274 1904 integros
297 1870 487 1896 tetrametros
510 1868 635 1903 faceret,
667 1869 789 1905 scripsit
816 1866 1085 1902 „Philolachetem“
1112 1871 1142 1897 et
1168 1868 1272 1903 „tibist

159 1957 188 1988 ³²)
215 1958 365 1984 [zi-evitatis
386 1966 471 1984 causa
484 1958 588 1984 malum
604 1967 706 1984 nomen
727 1959 829 1985 retinui
845 1959 903 1984 eius
921 1967 1027 1989 versus,
1046 1967 1128 1991 quem
1140 1958 1269 1991 Spengel.

210 2000 446 2026 Reformvorschl.
466 2009 491 2033 p.
511 2002 544 2026 86
565 2009 623 2034 sqq.
644 2007 773 2027 constare
797 2001 893 2026 docuit.
917 2009 952 2027 ex
978 2000 1086 2026 duobus
1112 2002 1222 2028 creticis
1243 2003 1271 2027 et

213 2060 394 2068 vvvvv
415 2043 454 2069 its.
477 2046 509 2069 ut
533 2051 584 2077 pro
604 2052 702 2076 pceone
722 2044 812 2076 primo
833 2052 983 2076 numquam
1003 2044 1123 2069 creticus
1142 2046 1270 2077 ponatur.

212 2086 301 2112 Huius
329 2087 440 2119 generis
465 2089 494 2112 et
517 2086 546 2112 in
570 2086 624 2112 hoc
648 2086 759 2112 cantico
784 2085 864 2119 plura
888 2086 1015 2118 exempla
1037 2086 1220 2112 inveniuntur
1243 2088 1271 2111 et.

212 2129 288 2155 infra
307 2138 331 2154 v.
350 2130 408 2155 680.
427 2129 486 2155 683.
505 2129 563 2154 684.
581 2129 641 2154 689.
659 2130 717 2154 693.
745 2128 815 2154 Rud.
835 2129 894 2154 201.
913 2129 972 2155 207.
991 2129 1049 2154 210.
1068 2129 1126 2154 214.

1015 2179 1065 2205 21*
