1596 2478
145 183 177 217 V,
196 185 219 216 7,
239 184 340 210 35—48
625 182 806 209 Menaechmi.
1201 184 1268 214 229

605 276 808 308 Messenio

348 319 483 357 Uerum;
508 319 786 360 quandoquidem,
811 330 875 357 ere,
899 324 931 352 te
956 319 1096 352 seruaui.

562 390 845 423 Menaechmus

997 444 1081 483 Quid
1106 445 1176 476 est?
1202 454 1267 479 1005

145 488 351 522 Adulescens.
378 497 477 519 erras.

604 546 806 578 Messenio

511 600 595 638 Quid
621 601 718 632 erro?

562 672 593 703 M
602 682 618 704 e
628 682 648 703 n
657 683 676 704 a
684 682 700 704 e
709 682 726 703 c
734 671 754 703 h
764 683 794 703 m
802 682 823 703 u
831 683 845 704 s

771 726 832 758 Per
856 726 966 758 Iouem
991 726 1106 758 adiuro
1130 731 1267 767 patrem,

144 781 221 813 Med
243 792 330 812 erum
356 786 446 813 tuum
470 791 534 812 non
559 790 639 812 esse.

601 839 633 872 M
642 851 658 871 e
667 851 681 872 s
692 851 706 872 s
715 851 731 872 e
740 851 759 871 n
768 840 776 871 i
787 850 804 871 o

679 894 750 926 Non
774 895 886 926 taces?

561 965 846 997 Menaechmus

932 1019 1004 1051 Non
1030 1020 1184 1058 mention

143 1073 209 1106 Nec
233 1084 323 1106 meus
348 1084 460 1106 seruos
484 1084 638 1114 umquam
663 1074 729 1105 tale
752 1073 839 1111 fecit,
865 1074 961 1114 quale
984 1077 1021 1105 tu
1045 1073 1133 1105 mihi.

606 1144 638 1176 M
649 1155 665 1176 e
674 1156 688 1177 s
697 1156 710 1175 s
719 1155 734 1176 e
744 1156 763 1176 n
772 1145 781 1175 i
790 1155 808 1176 0

145 1197 197 1230 Sic
222 1199 290 1230 sine
312 1200 421 1240 igitur,
447 1199 473 1230 si
498 1202 589 1230 tuum
614 1209 713 1239 negas
738 1209 788 1230 me
813 1209 893 1236 esse,
919 1198 1010 1231 abire
1034 1199 1182 1231 liberum.

565 1259 655 1290 Men
666 1258 843 1290 caedemus

142 1312 214 1344 Mea
228 1312 358 1352 quidem
372 1312 482 1344 hercle
496 1323 596 1344 causa.
608 1313 691 1344 liber
711 1316 782 1344 esto
805 1316 905 1353 atque
923 1313 978 1352 ito,
998 1324 1062 1354 quo
1075 1313 1176 1345 uoles.
1203 1322 1269 1348 1010

606 1373 637 1404 M
648 1383 664 1404 e
674 1383 687 1404 s
696 1384 710 1404 s
719 1383 735 1404 e
744 1384 762 1404 ιι
772 1373 809 1404 io

143 1426 266 1467 Nempe
290 1426 408 1458 iubes?

565 1486 597 1518 M
608 1497 624 1518 e
633 1497 652 1518 n
661 1497 679 1518 a
688 1497 704 1518 e
715 1497 731 1518 c
739 1486 759 1518 h
768 1497 798 1517 m
805 1497 826 1518 u
833 1497 848 1517 s

436 1540 539 1572 Iubeo
564 1540 682 1578 hercle,
708 1541 734 1572 si
759 1540 838 1582 quid
863 1541 968 1581 inperi
993 1545 1043 1573 est
1067 1542 1097 1573 in
1123 1545 1155 1573 te
1178 1542 1266 1574 mihi.

604 1601 635 1631 M
645 1612 661 1631 e
671 1611 684 1631 s
693 1612 707 1632 s
716 1611 732 1632 e
741 1601 805 1632 nio

143 1653 252 1689 salue,
275 1655 318 1686 mi
342 1658 491 1695 patrone.

686 1714 714 1745 X

144 1809 170 1841 G
228 1810 238 1841 l
542 1767 646 1806 Quom
671 1773 706 1799 tu
733 1768 820 1800 liber
843 1779 886 1806 es,
910 1769 1082 1808 Messenio,

176 1820 228 1841 au(
242 1820 289 1842 eo.

599 1871 802 1903 Messenio

335 1924 450 1961 Credo,
477 1925 587 1957 hercle
610 1925 715 1957 uobis.
763 1925 836 1964 Sed,
861 1929 1009 1966 patrone,
1034 1930 1068 1958 te
1093 1926 1238 1960 obsecro.

209 2044 274 2069 1007
293 2043 337 2069 Me
388 2046 500 2069 netaces
522 2043 544 2070 G
597 2045 660 2070 1008
679 2044 875 2071 Neconseruus
894 2053 972 2071 meus
993 2044 1015 2071 C
1066 2054 1218 2079 numquam
1238 2044 1265 2071 B

140 2085 207 2112 Post
229 2086 292 2112 1009
312 2086 441 2120 leyuntar
461 2087 595 2113 1018-23
613 2095 663 2114 suo
683 2088 739 2114 loco
758 2088 906 2114 redeuntes.
1026 2089 1091 2113 1010
1109 2087 1196 2114 MEN.
1217 2096 1265 2115 om.

139 2127 225 2153 herde
245 2127 266 2154 C
337 2128 401 2155 1012
420 2133 536 2161 patrone
555 2138 617 2155 cum
636 2133 665 2155 tu
685 2130 785 2156 liberes
