1596 2478
126 208 156 239 v,
176 208 198 240 3,
218 208 293 239 3-4,
313 208 328 233 2
628 207 734 233 Casina.
1199 209 1238 239 73

126 302 198 334 Mea
222 303 299 344 quia
319 302 425 343 palam
443 305 519 333 sunt
536 301 664 342 probra.
700 301 858 333 Omnibus
883 302 985 334 modis
1009 302 1112 333 occidi
1134 303 1237 334 miser.

125 382 478 389 ............
503 357 550 388 ita
574 355 757 387 manufesto
781 355 930 388 faucibus
954 360 1066 388 teneor
1189 365 1241 391 870

125 436 383 443 .........
407 421 462 442 nec
478 411 597 452 quibus
616 409 720 441 modis
739 420 872 450 purgem
891 411 956 442 scio
974 421 1024 442 me
1041 421 1131 442 meae
1146 411 1239 442 uxori

125 491 415 497 ..........
440 463 756 505 αἰφιθέθκραῌίαῖιιε
780 474 849 495 sum
875 465 973 496 miser

125 544 480 551 ............
504 518 725 550 clandestinae
749 518 883 558 nuptiae

125 597 640 606 .................
665 582 780 604 censeo

125 652 481 660 ............
507 627 584 658 mihi
609 630 777 667 optumum
800 630 850 658 est
1189 634 1241 660 875

125 706 352 714 ........
378 682 464 712 intro
488 680 528 712 ad
552 691 684 712 uxorem
709 691 779 712 eam

207 736 430 776 Sufferamque
454 736 483 767 ei
507 745 613 766 meum
637 738 763 774 tergum
788 734 828 765 ob
852 735 1013 765 iniuriam.

208 790 270 821 Sed
295 791 405 831 ecquis
429 793 488 824 est,
513 789 569 830 qui
594 788 689 820 homo
713 799 828 819 munus
852 788 931 820 uelit
954 789 1083 829 fungier

208 844 270 875 Pro
294 844 367 875 me?
413 843 496 882 Quid
520 853 606 874 nunc
629 853 732 882 agam,
759 843 874 876 nescio.
898 843 959 874 nisi
984 847 1019 874 ut
1042 843 1197 884 inprobos

275 897 429 929 Famulos
454 898 562 929 imiter
586 907 624 928 ac
648 897 743 928 domo
767 895 905 936 fugiam3
1191 906 1241 931 880

122 952 204 982 Nam
228 951 316 982 salus
340 952 430 983 nulla
453 956 504 983 est
527 951 680 992 scapulis,
702 952 728 982 si
753 951 884 983 domum
907 951 1021 989 redeo;
1045 961 1141 991 neque
1158 951 1240 982 enim

122 1006 230 1045 Nugas
253 1006 327 1037 istic
349 1006 457 1038 dicere
480 1005 566 1038 licet.
619 1005 745 1047 Uapulo
766 1005 874 1036 hercle
899 1015 959 1045 ego
982 1006 1108 1037 inuitus
1132 1010 1240 1037 tamen

122 1060 193 1092 Etsi
216 1060 338 1092 malum
361 1061 476 1100 merui;
502 1060 563 1092 hac
586 1060 671 1092 dabo
696 1060 859 1101 protinam
881 1069 928 1090 me
951 1063 984 1091 et
1006 1059 1137 1100 fugiam.

564 1153 588 1186 C
595 1154 605 1184 l
613 1164 630 1185 e
639 1164 657 1186 ο
665 1165 679 1186 s
687 1157 702 1186 t
708 1164 725 1184 r
732 1165 751 1185 a
759 1157 773 1185 t
781 1164 800 1185 a

957 1208 1055 1248 Heus,
1079 1211 1132 1239 sta
1154 1208 1239 1246 ilico,

123 1251 267 1284 Amator.

561 1317 586 1348 L
592 1328 611 1357 y
619 1317 651 1349 si
659 1317 679 1348 d
686 1327 706 1348 a
712 1327 744 1348 m
753 1327 774 1348 u
783 1328 797 1348 s

277 1371 398 1409 Occidi,
422 1381 567 1403 reuocor.
614 1370 715 1409 Quasi
737 1372 768 1402 si
790 1382 855 1403 non
879 1371 1018 1409 audiam,
1043 1371 1149 1403 abibo.

473 1591 690 1623 CHALINUS
757 1591 891 1623 EIDEM

581 1686 775 1718 Chalinus

123 1740 187 1773 Ubi
211 1744 246 1772 tu
271 1752 314 1779 es,
338 1742 394 1782 qui
418 1741 524 1772 colere
547 1751 653 1772 mores
676 1741 896 1773 Massilienses
920 1740 1091 1782 postulas?
1191 1749 1241 1774 885

123 1794 216 1827 Nunc
239 1799 275 1826 tu
300 1795 327 1826 si
351 1796 401 1828 uis
425 1796 605 1836 subigitare
628 1806 688 1833 me,
712 1795 816 1836 proba
833 1799 884 1827 est
908 1795 1045 1826 occasio.

207 1898 258 1924 869
277 1897 393 1931 ...quia
410 1898 435 1928 1,
456 1897 571 1924 ....nia
589 1896 646 1923 BE
738 1898 789 1923 870
806 1897 912 1923 facibus
932 1897 957 1923 Β
1052 1898 1101 1923 871
1122 1905 1173 1924 nee
1192 1905 1241 1924 om.

122 1941 173 1967 872
192 1949 278 1974 ..que
348 1941 398 1966 873
418 1949 486 1967 ...n
506 1940 613 1966 destine
633 1938 689 1967 BE
756 1941 807 1966 876
876 1949 925 1966 .εῆ
944 1940 1000 1966 dux
1019 1948 1133 1966 uxorem
1152 1949 1240 1966 meam

122 1984 172 2010 877
191 1983 327 2009 ....riam
415 1984 465 2009 878
482 1984 574 2010 minus
592 1983 651 2010 ΒΕ
737 1983 828 2017 fngier
848 1983 875 2009 E
961 1984 1011 2010 879
1029 1983 1083 2009 Pro
1103 1992 1146 2009 me
1166 1987 1241 2010 ante-

123 2026 226 2052 cedenti
243 2034 325 2053 versu
432 2027 551 2053 879—80
570 2035 623 2053 uno
641 2035 719 2053 versu
832 2027 879 2052 881
901 2026 1005 2060 capulis
1024 2026 1054 2052 E
1151 2035 1241 2060 neque

123 2070 195 2094 enim
216 2076 266 2095 om.
343 2070 394 2095 832
412 2069 484 2095 istuc
503 2069 575 2096 BIE
650 2071 699 2096 883
718 2079 761 2096 me
782 2077 832 2096 om.
901 2070 1011 2096 stalicio
1031 2069 1066 2101 Β,
1086 2070 1178 2096 talicio
1198 2069 1245 2096 IE

123 2112 173 2137 884
191 2112 308 2138 Amator
326 2113 495 2139 antecedenti
511 2121 590 2139 versu
651 2112 753 2139 Occide
767 2112 842 2139 ΒΙΕ
900 2113 922 2138 si
942 2120 992 2139 om.
1055 2112 1194 2139 SERUUS
1204 2112 1239 2145 B,

125 2153 233 2181 SERUI
252 2154 298 2180 IE
354 2155 404 2181 885
423 2155 517 2182 colore
537 2155 565 2181 E
616 2156 789 2182 massilienses
808 2155 855 2182 ΙΕ
904 2156 954 2182 886
973 2157 1031 2182 siue
1049 2156 1072 2181 is
1092 2156 1241 2182 subicitare
