1596 2478
302 179 360 209 120
814 173 906 218 Plauti¹
1223 171 1271 204 1V,
1289 173 1313 205 2,
1333 173 1417 200 9—28

750 267 970 299 Phaniscvs

1160 319 1246 351 Uah!

383 365 477 398 Oculi
500 364 621 396 dolent.

724 423 835 454 Alter
857 432 990 454 seruos

658 475 747 508 Cur?

748 553 974 585 Phaniscus

795 606 880 644 Quia
903 607 1009 638 fumus
1033 606 1200 638 molestus.
1372 615 1423 640 875

727 683 840 715 Alter
862 693 1003 715 seruos

301 737 386 769 Tace
410 738 464 776 sis,
488 737 589 774 saber,
613 737 667 777 qui
691 738 809 769 cudere
834 738 919 769 soles
944 736 1113 778 plumbeos
1136 746 1292 768 nummos.

750 813 979 846 Phaniscus

387 868 459 900 Non
484 872 577 909 potes
599 872 636 900 tu
659 878 775 909 cogere
800 878 850 899 me
874 871 911 899 ut
934 867 994 899 tibi
1019 867 1102 899 male
1126 866 1242 898 dicam.

302 921 404 954 Nouit
427 933 502 954 erus
527 933 587 954 me.

726 981 839 1013 Alter
861 990 1000 1013 seruos

609 1035 709 1068 Suam
731 1036 865 1077 quidem
889 1035 944 1076 pol
968 1034 1168 1066 culcitellam
1193 1038 1333 1075 oportet.

755 1106 980 1138 Phaniscus

304 1160 337 1192 Si
361 1160 490 1193 sobrius
514 1161 567 1199 sis,
592 1161 675 1192 male
698 1171 764 1192 non
787 1161 887 1192 dicas.

727 1228 841 1260 Alter
862 1237 997 1260 seruos

535 1283 609 1314 Tibi
633 1285 866 1324 optemperem,
891 1293 990 1324 quom
1013 1286 1049 1313 tu
1073 1281 1150 1313 mihi
1174 1281 1193 1319 †
1217 1292 1320 1321 neque
1345 1281 1426 1313 eas?

759 1359 979 1391 Phaniscus

304 1413 346 1444 At
369 1417 404 1445 tu
423 1424 558 1451 mecum,
583 1423 743 1454 pessume,
767 1414 813 1445 ito
831 1414 1006 1451 aduorsus3
1029 1422 1154 1454 quaeso
1172 1411 1280 1443 hercle
1298 1412 1426 1443 abstine

305 1466 373 1498 Iam
397 1478 579 1499 sermonem
603 1468 643 1499 de
667 1468 740 1499 istis
763 1467 872 1499 rebus.

730 1535 840 1566 Alter
861 1544 997 1566 seruos

896 1589 1027 1620 Faciam
1051 1592 1085 1620 et
1107 1588 1243 1630 pultabo
1267 1588 1356 1621 foris.
1376 1597 1424 1624 881

393 1643 490 1678 Heus.
515 1644 626 1685 ecquis
650 1643 703 1675 hic
725 1647 784 1681 est,
810 1653 994 1674 maxumam
1019 1643 1075 1683 qui
1098 1643 1250 1674 iniuriam

392 1697 532 1729 Foribus
556 1697 732 1729 defendat?
756 1698 867 1738 ecquis
891 1697 984 1728 hasce
1007 1696 1115 1737 aperit
1137 1697 1238 1728 soris?

512 1751 614 1783 Nemo
638 1751 713 1782 hinc
736 1751 868 1792 quidem
894 1751 982 1782 foras
1005 1751 1088 1789 exit3

392 1805 436 1837 Ut
459 1815 530 1836 esse
555 1805 693 1836 addecet
716 1815 856 1846 nequam
881 1805 1036 1842 homines,
1060 1804 1108 1835 ita
1132 1808 1216 1836 sunt.
1378 1813 1428 1839 885

308 1858 369 1890 Sed
383 1869 422 1891 eo
435 1860 537 1898 magis
550 1862 646 1890 cauto
659 1862 709 1891 est
723 1868 816 1899 opus,
829 1868 868 1889 ne
881 1857 945 1889 huc
958 1861 1054 1889 exeat
1067 1859 1122 1898 qui
1136 1858 1220 1890 male
1234 1868 1284 1899 mo
1296 1858 1428 1890 mulcet.

374 1978 424 2002 875
443 1986 496 2010 qur
564 1977 615 2003 876
633 1977 655 2003 si
675 1976 702 2003 Β
771 1977 889 2003 uumbon
908 1986 958 2003 nos
979 1977 1014 2011 B,
1034 1986 1172 2003 mummos
1193 1977 1215 2003 0
1272 1978 1324 2003 873
1342 1977 1426 2003 culci-

308 2019 406 2045 tullnm
509 2021 559 2045 879
579 2020 623 2046 Sis
642 2019 668 2045 B
767 2021 818 2046 880
837 2021 950 2054 pessimi
970 2024 999 2046 tu
1103 2021 1155 2046 882
1173 2020 1219 2053 qui
1239 2019 1281 2045 his
1300 2020 1429 2045 iniuriam

307 2063 358 2088 883
377 2062 490 2095 hecquis
510 2063 603 2095 ecquis
623 2063 676 2088 huc
695 2063 752 2088 exit
771 2065 853 2095 atque
873 2063 982 2096 aperit?
1007 2062 1058 2088 ΒΟ
1211 2062 1262 2088 885
1281 2066 1306 2089 ce
1323 2064 1357 2088 85
1374 2071 1429 2089 uno

306 2112 386 2131 versu
406 2103 457 2130 BC
