1596 2478
320 202 378 232 182
823 201 915 228 Plauti
1233 203 1266 234 11,
1285 204 1310 235 2,
1328 205 1431 230 55-72

318 295 399 326 Dum
423 305 481 334 ego
506 295 585 326 haec
609 295 737 336 adpone
761 296 803 327 ad
826 295 964 328 Uolcani
987 297 1186 329 uiolentiam.

317 348 374 380 1b0
398 349 484 380 intro
508 352 539 380 et
563 349 666 380 dicam
691 353 723 380 te
747 349 799 381 hic
822 349 954 382 adstare
978 350 1100 387 Erotio.

318 402 361 434 Ut
385 407 416 434 te
440 402 514 433 hinc
537 402 682 435 abducat
705 404 822 444 potius,
846 414 943 444 quam
968 404 1021 436 hic
1043 405 1154 437 adstes
1177 405 1266 437 foris.

736 463 1015 496 Menaechmus

318 505 428 537 Iamne
452 505 554 537 abiit?

780 559 977 591 Messenio

598 602 696 634 Abiit.

743 656 827 688 Men
836 668 853 688 (ι
862 669 876 687 e
883 658 923 688 cle
932 668 959 688 m
969 669 988 689 u
995 668 1011 689 s

748 711 870 752 Edepol
894 711 979 743 haud
1005 712 1173 744 mendacia

320 765 391 797 Tua
413 765 516 797 uerba
539 766 688 806 experior
705 756 789 797 esse.
1163 768 1169 773 ”

776 819 976 851 IlIessenae'o

831 873 1016 906 Obseruato
1039 874 1150 913 m0d0;
1386 884 1436 909 330

322 929 404 960 Nam
429 921 501 960 istic
525 928 726 960 meretricem
751 929 847 960 credo
871 928 1022 960 habitare
1048 929 1222 967 mulierem,

323 983 366 1016 Ut
389 983 519 1024 quidem
542 982 596 1014 ille
620 983 752 1014 insanus
777 982 868 1020 dixit,
892 983 946 1023 qui
971 983 1045 1014 hine
1069 983 1152 1015 abiit
1174 983 1279 1015 modo.

735 1036 1020 1069 Menaechmus

323 1092 386 1125 Sed
409 1092 517 1130 miror,
540 1091 596 1131 qui
619 1090 672 1123 ille
696 1091 824 1122 nouerit
847 1101 962 1123 nomen
987 1102 1103 1123 meum.

780 1145 981 1178 Messenio

324 1200 466 1232 Minume
489 1199 597 1231 hercle
622 1200 747 1230 mirum.
793 1199 914 1231 Morem
939 1200 1023 1231 hunc
1046 1200 1232 1231 meretrices
1257 1199 1393 1231 habent:

325 1255 371 1286 Ad
396 1258 523 1295 portum
549 1254 682 1285 mittunt
705 1253 860 1291 seruolos,
885 1254 1070 1292 ancillulas;
1389 1263 1438 1288 335

325 1310 358 1341 Si
382 1319 465 1349 quae
490 1309 660 1349 peregriua
682 1308 776 1339 nauis
802 1309 832 1339 in
858 1312 988 1349 portum
1012 1309 1155 1347 aduenit,

326 1363 491 1404 Rogitant,
515 1363 659 1404 quoiatis
683 1363 736 1400 sit,
760 1363 838 1403 quid
862 1364 891 1394 ei
915 1373 1030 1394 nomen
1055 1364 1130 1402 siet3

326 1417 461 1449 Postilla
485 1417 646 1458 extemplo
672 1428 706 1448 se
729 1417 908 1458 adplicant,
932 1418 1153 1457 adglutinant3

327 1472 359 1503 Si
384 1471 596 1512 pellexerunt,
622 1471 783 1512 perditum
808 1472 962 1503 amittunt
986 1472 1125 1503 domum.

327 1525 420 1557 Nunc
442 1526 544 1557 instat
568 1529 663 1566 portu
688 1526 781 1557 nauis
805 1526 1022 1566 praedatoria,
1391 1533 1441 1558 340

327 1580 392 1612 Abs
416 1591 481 1621 qua
504 1580 685 1611 cauendum
710 1580 803 1612 nobis
828 1591 905 1612 sane
929 1590 1056 1612 censeo.

744 1640 1025 1672 Menaechmus

327 1696 440 1728 Mones
463 1695 595 1736 quidem
620 1695 727 1726 hercle
751 1698 847 1726 recte.

787 1747 819 1780 M
829 1759 914 1781 esse
924 1760 942 1780 n
951 1750 960 1780 i
969 1760 987 1780 ο

886 1802 967 1834 Tum
992 1803 1120 1834 demum
1146 1803 1244 1834 sciam

330 1860 429 1890 Recte
454 1858 624 1895 monuisse,
649 1858 675 1889 si
699 1861 733 1889 tu
757 1862 844 1889 recte
868 1858 1002 1889 canei-is.

397 1979 446 2004 326
464 1985 530 2010 ergo
587 1979 636 2003 329
656 1977 736 2003 MES.
758 1977 849 2003 {amne
869 1977 947 2002 habit.
966 1977 1064 2010 edepol
1085 1980 1132 2002 aut
1189 1977 1240 2002 330
1258 1976 1409 2002 exteriores
1429 1984 1443 2000 c

330 2022 477 2047 obseruato
555 2021 601 2046 331
624 2021 688 2046 istih
709 2019 732 2046 C
806 2021 856 2045 332
874 2020 948 2045 ahin!
969 2020 991 2045 C
1068 2020 1117 2046 335
1138 2021 1159 2044 A
1180 2020 1201 2045 C
1281 2019 1404 2044 seruulus
1424 2018 1446 2043 G

331 2066 380 2091 336
399 2064 452 2090 Sed
472 2073 526 2097 qua
545 2063 578 2095 B,
599 2063 652 2089 Sed
672 2064 736 2097 quia
755 2063 777 2089 C
835 2064 885 2088 337
905 2062 1011 2095 Rogant
1034 2062 1060 2088 B
1125 2062 1231 2088 culntus
1251 2061 1274 2089 G
1336 2061 1446 2087 sciet&

330 2108 380 2134 333
399 2106 466 2132 Post
483 2107 548 2132 illue
568 2106 600 2138 B,
622 2106 687 2131 Post
705 2106 750 2131 ille
770 2106 792 2131 G
873 2106 991 2138 applwat
1014 2105 1040 2130 B
1122 2105 1276 2137 acglutinnt
1296 2103 1327 2132 Β,
1347 2104 1439 2134 avalu-

331 2152 422 2176 tinant
441 2150 462 2175 C
530 2150 580 2175 340
600 2150 626 2174 in
648 2150 715 2175 istoc
735 2151 816 2182 pun-tu
837 2152 888 2174 stul
962 2150 1012 2173 342
1031 2156 1092 2174 cum
1114 2147 1136 2173 O
1202 2148 1251 2173 343
1273 2147 1338 2172 ch·
1359 2145 1384 2171 B
