1596 2478
138 205 185 237 lv,
204 206 228 239 2,
247 206 348 232 58—59
612 204 793 231 Mostellaria.
1202 205 1261 235 137

588 299 813 330 Phaniscus

137 352 212 385 Scio
236 363 301 394 qua
325 363 375 384 me
398 353 444 383 ire
469 356 600 393 oportet
623 355 664 389 et,
690 363 754 392 quo
777 353 933 389 uenerim,
958 352 1035 383 noui
1058 351 1176 383 locum.

138 406 346 438 Philolaches
370 406 422 438 hic
445 406 583 443 habitat,
608 406 725 446 quoius
749 409 799 436 est
823 409 917 446 pater
940 405 1203 446 Theopropides3

138 460 209 498 Qui,
234 463 409 500 postquam
434 463 529 501 patei·
552 459 595 491 ad
614 463 791 491 mercatum
813 459 887 491 hinc
905 459 995 496 abiit,
1021 459 1073 491 hic
1092 459 1261 491 tibicinam

138 513 314 545 Liberauit.

546 572 860 612 Theopropides

366 625 617 658 Philolachesne
641 636 718 666 ergo
731 626 746 656 ¹?

584 685 810 718 Phaniscus

769 739 837 778 Ita3
860 739 1092 770 Philematium
1115 737 1259 779 quidem.

548 799 861 840 Theopropides

138 853 282 892 Quanti?

585 912 810 944 Phaniscus

291 967 449 1007 Triginta.

555 1025 843 1066 ,Theopropides

470 1080 639 1112 Talentis?

584 1151 810 1182 Phaniscus
1225 1189 1228 1192 ‚

687 1204 744 1233 Μα
764 1213 816 1232 τον
833 1197 982 1235 Ἀπόλλω,
1008 1204 1065 1236 sed
1090 1204 1194 1235 minis.
1213 1211 1264 1237 955

549 1264 861 1306 Theopropides

136 1307 327 1340 Liberauit‘?

585 1367 610 1398 P
617 1367 639 1398 h
649 1378 669 1398 a
675 1367 735 1398 nis
743 1377 760 1398 c
769 1378 789 1398 u
799 1378 814 1398 s

386 1421 568 1459 Liberauit,
591 1421 732 1462 inquam,
756 1421 894 1461 triginta
918 1421 1023 1452 minis

548 1492 853 1533 Theopropides

137 1547 199 1578 Ain
223 1547 318 1578 minis
342 1547 480 1586 triginta
503 1547 643 1578 amicam
667 1547 851 1578 destinasse
875 1545 1118 1577 Philolachem‘.>

584 1617 810 1649 Phaniscus

137 1671 207 1704 Aio.

547 1730 857 1772 Theopropides

234 1785 340 1825 Atque
364 1795 436 1817 eam
459 1796 558 1817 manu
582 1785 751 1817 emisisse?

585 1855 815 1888 Phaniscus

702 1910 773 1942 Aio.

205 2012 253 2037 951
275 2016 381 2037 mentre
443 2014 470 2037 et
489 2019 540 2037 om.
559 2011 586 2037 B
648 2011 724 2044 loqui
743 2011 778 2043 B,
798 2011 928 2044 quuiqur
947 2010 969 2037 Ο
1036 2012 1086 2036 952
1105 2011 1220 2036 adonius
1237 2010 1264 2036 B

138 2053 187 2080 953
207 2058 360 2080 mercatum
376 2054 453 2080 habit
470 2054 534 2080 hinc
550 2054 695 2080 tibicinam
714 2053 766 2080 BC
777 2054 836 2086 (qui
852 2054 919 2081 abit)
965 2054 1015 2079 954
1033 2053 1205 2086 philolaches
1217 2053 1267 2079 ΒΟ

137 2096 187 2122 955
207 2097 325 2129 triginta
344 2097 457 2122 talentis
477 2100 572 2122 malon
592 2097 686 2129 apollo
705 2105 754 2122 sex
772 2095 826 2122 Bc
889 2096 939 2121 956
958 2103 1007 2122 om.
1027 2094 1078 2121 BC
1145 2097 1194 2121 957
1215 2095 1262 2121 de-

137 2138 272 2164 stinatum
