<?xml version="1.0" encoding="UTF-8"?>
<!DOCTYPE html PUBLIC "-//W3C//DTD XHTML 1.0 Transitional//EN"
    "http://www.w3.org/TR/xhtml1/DTD/xhtml1-transitional.dtd">
<html xmlns="http://www.w3.org/1999/xhtml" xml:lang="en" lang="en">
 <head>
  <title>
</title>
<meta http-equiv="Content-Type" content="text/html;charset=utf-8" />
  <meta name='ocr-system' content='tesseract 3.04.00' />
  <meta name='ocr-capabilities' content='ocr_page ocr_carea ocr_par ocr_line ocrx_word'/>
</head>
<body>
  <div class='ocr_page' id='page_1' title='image "./comoediaerecensu03plauuoft_0079.png"; bbox 0 0 1596 2478; ppageno 0'>
   <div class='ocr_carea' id='block_1_1' title="bbox 161 203 1269 236">
    <p class='ocr_par' dir='ltr' id='par_1_1' title="bbox 161 203 1269 236">
     <span class='ocr_line' id='line_1_1' title="bbox 161 203 1269 236; baseline 0.001 -8"><span class='ocrx_word' id='word_1_1' title='bbox 161 203 192 236; x_wconf 76' lang='lat' dir='ltr'>V,</span> <span class='ocrx_word' id='word_1_2' title='bbox 212 205 234 235; x_wconf 82' lang='lat'>2,</span> <span class='ocrx_word' id='word_1_3' title='bbox 254 204 354 229; x_wconf 66' lang='lat'>23—43</span> <span class='ocrx_word' id='word_1_4' title='bbox 671 203 775 229; x_wconf 78' lang='lat' dir='ltr'>Casina.</span> <span class='ocrx_word' id='word_1_5' title='bbox 1234 207 1269 236; x_wconf 87' lang='lat'>&#39;71</span> 
     </span>
    </p>
   </div>
   <div class='ocr_carea' id='block_1_2' title="bbox 158 296 1274 446">
    <p class='ocr_par' dir='ltr' id='par_1_2' title="bbox 158 296 1274 446">
     <span class='ocr_line' id='line_1_2' title="bbox 159 296 1274 338; baseline 0.004 -11"><span class='ocrx_word' id='word_1_6' title='bbox 159 296 309 328; x_wconf 68' lang='lat' dir='ltr'>Gladimn</span> <span class='ocrx_word' id='word_1_7' title='bbox 333 308 370 327; x_wconf 73' lang='lat' dir='ltr'>me</span> <span class='ocrx_word' id='word_1_8' title='bbox 394 298 536 332; x_wconf 79' lang='lat' dir='ltr'>liaberet,</span> <span class='ocrx_word' id='word_1_9' title='bbox 563 298 676 335; x_wconf 72' lang='lat' dir='ltr'>metui3</span> <span class='ocrx_word' id='word_1_10' title='bbox 700 298 731 329; x_wconf 84' lang='lat' dir='ltr'>id</span> <span class='ocrx_word' id='word_1_11' title='bbox 757 308 911 338; x_wconf 74' lang='lat' dir='ltr'>quaerore</span> <span class='ocrx_word' id='word_1_12' title='bbox 936 299 1053 338; x_wconf 66' lang='lat' dir='ltr'>occepi.</span> <span class='ocrx_word' id='word_1_13' title='bbox 1224 307 1274 331; x_wconf 69' lang='lat'>840</span> 
     </span>
     <span class='ocr_line' id='line_1_3' title="bbox 160 351 1099 393; baseline 0.001 -11"><span class='ocrx_word' id='word_1_14' title='bbox 160 351 240 382; x_wconf 88' lang='lat' dir='ltr'>Dum</span> <span class='ocrx_word' id='word_1_15' title='bbox 264 351 405 390; x_wconf 80' lang='lat' dir='ltr'>gladium</span> <span class='ocrx_word' id='word_1_16' title='bbox 429 362 550 392; x_wconf 84' lang='lat' dir='ltr'><strong>quaero</strong></span> <span class='ocrx_word' id='word_1_17' title='bbox 575 363 614 387; x_wconf 79' lang='lat' dir='ltr'>ne</span> <span class='ocrx_word' id='word_1_18' title='bbox 637 351 767 390; x_wconf 82' lang='lat' dir='ltr'>habeat,</span> <span class='ocrx_word' id='word_1_19' title='bbox 790 352 911 393; x_wconf 81' lang='lat' dir='ltr'>arripio</span> <span class='ocrx_word' id='word_1_20' title='bbox 935 351 1099 392; x_wconf 87' lang='lat' dir='ltr'>capulum.</span> 
     </span>
     <span class='ocr_line' id='line_1_4' title="bbox 158 404 1260 446; baseline 0.001 -10"><span class='ocrx_word' id='word_1_21' title='bbox 158 404 219 437; x_wconf 83' lang='lat' dir='ltr'>Sed</span> <span class='ocrx_word' id='word_1_22' title='bbox 244 416 340 446; x_wconf 89' lang='lat' dir='ltr'>quom</span> <span class='ocrx_word' id='word_1_23' title='bbox 364 406 485 446; x_wconf 79' lang='lat' dir='ltr'>cogito,</span> <span class='ocrx_word' id='word_1_24' title='bbox 509 416 571 437; x_wconf 86' lang='lat' dir='ltr'>uon</span> <span class='ocrx_word' id='word_1_25' title='bbox 596 406 710 437; x_wconf 89' lang='lat' dir='ltr'>habuit</span> <span class='ocrx_word' id='word_1_26' title='bbox 733 406 886 445; x_wconf 79' lang='lat' dir='ltr'>gladium,</span> <span class='ocrx_word' id='word_1_27' title='bbox 911 416 985 437; x_wconf 79' lang='lat' dir='ltr'>nam</span> <span class='ocrx_word' id='word_1_28' title='bbox 1009 408 1092 437; x_wconf 73' lang='lat' dir='ltr'>esset</span> <span class='ocrx_word' id='word_1_29' title='bbox 1115 405 1260 446; x_wconf 85' lang='lat' dir='ltr'>frigidus.</span> 
     </span>
    </p>
   </div>
   <div class='ocr_carea' id='block_1_3' title="bbox 598 476 1287 581">
    <p class='ocr_par' dir='ltr' id='par_1_3' title="bbox 598 476 1287 581">
     <span class='ocr_line' id='line_1_5' title="bbox 598 476 830 509; baseline 0 -1"><span class='ocrx_word' id='word_1_30' title='bbox 598 476 830 509; x_wconf 78' lang='lat' dir='ltr'>Cleostrata</span> 
     </span>
     <span class='ocr_line' id='line_1_6' title="bbox 1103 529 1287 581; baseline 0 -20"><span class='ocrx_word' id='word_1_31' title='bbox 1103 529 1287 581; x_wconf 28' lang='lat' dir='ltr'>Eloquere.-</span> 
     </span>
    </p>
   </div>
   <div class='ocr_carea' id='block_1_4' title="bbox 157 593 805 688">
    <p class='ocr_par' dir='ltr' id='par_1_4' title="bbox 157 593 805 688">
     <span class='ocr_line' id='line_1_7' title="bbox 625 593 805 634; baseline 0 -9"><span class='ocrx_word' id='word_1_32' title='bbox 625 593 732 634; x_wconf 81' lang='lat' dir='ltr'>Olym</span> <span class='ocrx_word' id='word_1_33' title='bbox 742 594 805 634; x_wconf 86' lang='lat' dir='ltr'>pio</span> 
     </span>
     <span class='ocr_line' id='line_1_8' title="bbox 157 647 331 688; baseline 0.006 -10"><span class='ocrx_word' id='word_1_34' title='bbox 157 647 198 679; x_wconf 79' lang='lat' dir='ltr'>At</span> <span class='ocrx_word' id='word_1_35' title='bbox 222 648 331 688; x_wconf 87' lang='lat' dir='ltr'>pudet.</span> 
     </span>
    </p>
   </div>
   <div class='ocr_carea' id='block_1_5' title="bbox 370 713 831 800">
    <p class='ocr_par' dir='ltr' id='par_1_5' title="bbox 370 713 831 800">
     <span class='ocr_line' id='line_1_9' title="bbox 599 713 831 745; baseline 0.004 -1"><span class='ocrx_word' id='word_1_36' title='bbox 599 713 831 745; x_wconf 76' lang='lat' dir='ltr'>Cleostrata</span> 
     </span>
     <span class='ocr_line' id='line_1_10' title="bbox 370 768 676 800; baseline -0.003 -1"><span class='ocrx_word' id='word_1_37' title='bbox 370 768 452 800; x_wconf 90' lang='lat' dir='ltr'>Num</span> <span class='ocrx_word' id='word_1_38' title='bbox 476 768 568 799; x_wconf 85' lang='lat' dir='ltr'>radix</span> <span class='ocrx_word' id='word_1_39' title='bbox 592 768 676 799; x_wconf 76' lang='lat' dir='ltr'>fuit?</span> 
     </span>
    </p>
   </div>
   <div class='ocr_carea' id='block_1_6' title="bbox 622 844 872 930">
    <p class='ocr_par' dir='ltr' id='par_1_6' title="bbox 622 844 872 930">
     <span class='ocr_line' id='line_1_11' title="bbox 622 844 802 886; baseline 0 -10"><span class='ocrx_word' id='word_1_40' title='bbox 622 844 802 886; x_wconf 88' lang='lat' dir='ltr'>Olympio</span> 
     </span>
     <span class='ocr_line' id='line_1_12' title="bbox 708 899 872 930; baseline 0 0"><span class='ocrx_word' id='word_1_41' title='bbox 708 899 777 930; x_wconf 91' lang='lat' dir='ltr'>Non</span> <span class='ocrx_word' id='word_1_42' title='bbox 802 899 872 930; x_wconf 86' lang='lat' dir='ltr'>fuit.</span> 
     </span>
    </p>
   </div>
   <div class='ocr_carea' id='block_1_7' title="bbox 597 975 1180 1061">
    <p class='ocr_par' dir='ltr' id='par_1_7' title="bbox 597 975 1180 1061">
     <span class='ocr_line' id='line_1_13' title="bbox 597 975 832 1007; baseline 0 0"><span class='ocrx_word' id='word_1_43' title='bbox 597 975 832 1007; x_wconf 79' lang='lat' dir='ltr'>Cleostrata</span> 
     </span>
     <span class='ocr_line' id='line_1_14' title="bbox 907 1029 1180 1061; baseline 0 -1"><span class='ocrx_word' id='word_1_44' title='bbox 907 1029 992 1060; x_wconf 89' lang='lat' dir='ltr'>Num</span> <span class='ocrx_word' id='word_1_45' title='bbox 1016 1030 1180 1061; x_wconf 81' lang='lat' dir='ltr'>cucumis‘?</span> 
     </span>
    </p>
   </div>
   <div class='ocr_carea' id='block_1_8' title="bbox 155 1090 1272 1293">
    <p class='ocr_par' dir='ltr' id='par_1_8' title="bbox 155 1090 1272 1293">
     <span class='ocr_line' id='line_1_15' title="bbox 619 1090 800 1121; baseline 0 0"><span class='ocrx_word' id='word_1_46' title='bbox 619 1090 662 1121; x_wconf 93' lang='lat' dir='ltr'>Ol</span> <span class='ocrx_word' id='word_1_47' title='bbox 698 1101 725 1121; x_wconf 88' lang='lat' dir='ltr'>m</span> <span class='ocrx_word' id='word_1_48' title='bbox 763 1090 800 1121; x_wconf 91' lang='lat' dir='ltr'>io</span> 
     </span>
     <span class='ocr_line' id='line_1_16' title="bbox 155 1101 1131 1184; baseline -0.001 -10"><span class='ocrx_word' id='word_1_49' title='bbox 155 1142 303 1174; x_wconf 84' lang='lat' dir='ltr'>Profecto</span> <span class='ocrx_word' id='word_1_50' title='bbox 329 1144 437 1175; x_wconf 83' lang='lat' dir='ltr'>hercle</span> <span class='ocrx_word' id='word_1_51' title='bbox 463 1170 467 1174; x_wconf 92' lang='lat'>.</span> <span class='ocrx_word' id='word_1_52' title='bbox 495 1170 500 1174; x_wconf 97' lang='lat'>.</span> <span class='ocrx_word' id='word_1_53' title='bbox 527 1169 532 1173; x_wconf 94' lang='lat'>.</span> <span class='ocrx_word' id='word_1_54' title='bbox 558 1169 564 1174; x_wconf 95' lang='lat'>.</span> <span class='ocrx_word' id='word_1_55' title='bbox 589 1155 654 1175; x_wconf 89' lang='lat' dir='ltr'>uon</span> <span class='ocrx_word' id='word_1_56' title='bbox 669 1101 940 1184; x_wconf 57' lang='lat' dir='ltr'>Ji&#39;uitpquidquam</span> <span class='ocrx_word' id='word_1_57' title='bbox 965 1143 1131 1181; x_wconf 87' lang='lat' dir='ltr'>holerum;</span> 
     </span>
     <span class='ocr_line' id='line_1_17' title="bbox 156 1196 1272 1238; baseline 0.003 -10"><span class='ocrx_word' id='word_1_58' title='bbox 156 1196 226 1228; x_wconf 84' lang='lat' dir='ltr'>Nisi</span> <span class='ocrx_word' id='word_1_59' title='bbox 240 1197 398 1238; x_wconf 89' lang='lat' dir='ltr'>quidquid</span> <span class='ocrx_word' id='word_1_60' title='bbox 413 1202 492 1235; x_wconf 79' lang='lat' dir='ltr'>erat,</span> <span class='ocrx_word' id='word_1_61' title='bbox 503 1198 672 1230; x_wconf 85' lang='lat' dir='ltr'>calamitas</span> <span class='ocrx_word' id='word_1_62' title='bbox 684 1198 830 1238; x_wconf 75' lang='lat' dir='ltr'>profecto</span> <span class='ocrx_word' id='word_1_63' title='bbox 843 1198 999 1237; x_wconf 79' lang='lat' dir='ltr'>attigerat</span> <span class='ocrx_word' id='word_1_64' title='bbox 1012 1207 1201 1238; x_wconf 87' lang='lat' dir='ltr'>numquam;</span> <span class='ocrx_word' id='word_1_65' title='bbox 1222 1206 1272 1231; x_wconf 80' lang='grc'>845</span> 
     </span>
     <span class='ocr_line' id='line_1_18' title="bbox 157 1250 751 1293; baseline 0 -11"><span class='ocrx_word' id='word_1_66' title='bbox 157 1250 216 1289; x_wconf 81' lang='lat' dir='ltr'>lta,</span> <span class='ocrx_word' id='word_1_67' title='bbox 242 1251 400 1293; x_wconf 90' lang='lat' dir='ltr'>quidquid</span> <span class='ocrx_word' id='word_1_68' title='bbox 425 1256 503 1290; x_wconf 85' lang='lat' dir='ltr'>erat,</span> <span class='ocrx_word' id='word_1_69' title='bbox 526 1252 647 1292; x_wconf 83' lang='lat' dir='ltr'>grande</span> <span class='ocrx_word' id='word_1_70' title='bbox 671 1256 751 1283; x_wconf 86' lang='lat' dir='ltr'>erat.</span> 
     </span>
    </p>
   </div>
   <div class='ocr_carea' id='block_1_9' title="bbox 155 1329 828 1425">
    <p class='ocr_par' dir='ltr' id='par_1_9' title="bbox 155 1329 828 1425">
     <span class='ocr_line' id='line_1_19' title="bbox 592 1329 828 1361; baseline 0.004 -1"><span class='ocrx_word' id='word_1_71' title='bbox 592 1329 659 1361; x_wconf 87' lang='lat' dir='ltr'>Cle</span> <span class='ocrx_word' id='word_1_72' title='bbox 667 1340 685 1361; x_wconf 95' lang='lat' dir='ltr'>o</span> <span class='ocrx_word' id='word_1_73' title='bbox 694 1341 708 1360; x_wconf 87' lang='lat' dir='ltr'>s</span> <span class='ocrx_word' id='word_1_74' title='bbox 718 1333 731 1360; x_wconf 90' lang='lat' dir='ltr'>t</span> <span class='ocrx_word' id='word_1_75' title='bbox 738 1341 753 1360; x_wconf 90' lang='lat' dir='ltr'>r</span> <span class='ocrx_word' id='word_1_76' title='bbox 760 1340 779 1360; x_wconf 89' lang='lat' dir='ltr'>a</span> <span class='ocrx_word' id='word_1_77' title='bbox 788 1333 802 1361; x_wconf 85' lang='lat' dir='ltr'>t</span> <span class='ocrx_word' id='word_1_78' title='bbox 809 1340 828 1361; x_wconf 91' lang='lat' dir='ltr'>a</span> 
     </span>
     <span class='ocr_line' id='line_1_20' title="bbox 155 1382 677 1425; baseline 0 -11"><span class='ocrx_word' id='word_1_79' title='bbox 155 1382 239 1420; x_wconf 83' lang='lat' dir='ltr'>Quid</span> <span class='ocrx_word' id='word_1_80' title='bbox 263 1382 301 1414; x_wconf 87' lang='lat' dir='ltr'>fit</span> <span class='ocrx_word' id='word_1_81' title='bbox 324 1383 486 1425; x_wconf 83' lang='lat' dir='ltr'>denique?</span> <span class='ocrx_word' id='word_1_82' title='bbox 510 1383 677 1416; x_wconf 83' lang='lat' dir='ltr'>edisserta.</span> 
     </span>
    </p>
   </div>
   <div class='ocr_carea' id='block_1_10' title="bbox 151 1460 1271 1925">
    <p class='ocr_par' dir='ltr' id='par_1_10' title="bbox 623 1460 803 1501">
     <span class='ocr_line' id='line_1_21' title="bbox 623 1460 803 1501; baseline -0.006 -9"><span class='ocrx_word' id='word_1_83' title='bbox 623 1460 803 1501; x_wconf 87' lang='lat' dir='ltr'>Olympio</span> 
     </span>
    </p>

    <p class='ocr_par' dir='ltr' id='par_1_11' title="bbox 151 1514 1271 1925">
     <span class='ocr_line' id='line_1_22' title="bbox 663 1514 1271 1555; baseline -0.002 -9"><span class='ocrx_word' id='word_1_84' title='bbox 663 1514 683 1553; x_wconf 88' lang='lat'><strong>†</strong></span> <span class='ocrx_word' id='word_1_85' title='bbox 708 1515 769 1546; x_wconf 93' lang='lat' dir='ltr'>Ubi</span> <span class='ocrx_word' id='word_1_86' title='bbox 792 1514 921 1555; x_wconf 87' lang='lat' dir='ltr'>appello</span> <span class='ocrx_word' id='word_1_87' title='bbox 946 1514 1097 1546; x_wconf 83' lang='lat' dir='ltr'>Casinam</span> <span class='ocrx_word' id='word_1_88' title='bbox 1122 1514 1142 1553; x_wconf 54' lang='grc' dir='ltr'>*δ’</span> <span class='ocrx_word' id='word_1_89' title='bbox 1165 1515 1271 1554; x_wconf 82' lang='lat' dir='ltr'>inquit</span> 
     </span>
     <span class='ocr_line' id='line_1_23' title="bbox 155 1568 1217 1609; baseline -0.001 -9"><span class='ocrx_word' id='word_1_90' title='bbox 155 1568 286 1607; x_wconf 83' lang='lat' dir='ltr'>Amabo,</span> <span class='ocrx_word' id='word_1_91' title='bbox 310 1579 381 1600; x_wconf 82' lang='lat' dir='ltr'>mea</span> <span class='ocrx_word' id='word_1_92' title='bbox 404 1569 570 1605; x_wconf 69' lang='lat' dir='ltr'>uxorcula,</span> <span class='ocrx_word' id='word_1_93' title='bbox 596 1579 653 1600; x_wconf 90' lang='lat' dir='ltr'>cur</span> <span class='ocrx_word' id='word_1_94' title='bbox 677 1569 783 1600; x_wconf 86' lang='lat' dir='ltr'>uirum</span> <span class='ocrx_word' id='word_1_95' title='bbox 807 1573 898 1600; x_wconf 86' lang='lat' dir='ltr'>tuum</span> <span class='ocrx_word' id='word_1_96' title='bbox 924 1569 970 1600; x_wconf 81' lang='lat' dir='ltr'>sic</span> <span class='ocrx_word' id='word_1_97' title='bbox 994 1579 1043 1600; x_wconf 91' lang='lat' dir='ltr'>me</span> <span class='ocrx_word' id='word_1_98' title='bbox 1068 1568 1217 1609; x_wconf 83' lang='lat' dir='ltr'>spernis?</span> 
     </span>
     <span class='ocr_line' id='line_1_24' title="bbox 152 1622 976 1666; baseline 0.001 -13"><span class='ocrx_word' id='word_1_99' title='bbox 152 1622 254 1654; x_wconf 88' lang='lat' dir='ltr'>Nimis</span> <span class='ocrx_word' id='word_1_100' title='bbox 278 1626 314 1654; x_wconf 83' lang='lat' dir='ltr'>tu</span> <span class='ocrx_word' id='word_1_101' title='bbox 337 1623 467 1664; x_wconf 87' lang='lat' dir='ltr'>quidem</span> <span class='ocrx_word' id='word_1_102' title='bbox 492 1623 599 1666; x_wconf 77' lang='lat' dir='ltr'>hercle</span> <span class='ocrx_word' id='word_1_103' title='bbox 623 1623 729 1655; x_wconf 83' lang='lat' dir='ltr'>audax</span> <span class='ocrx_word' id='word_1_104' title='bbox 753 1634 800 1661; x_wconf 81' lang='lat' dir='ltr'>es3</span> <span class='ocrx_word' id='word_1_105' title='bbox 825 1623 976 1654; x_wconf 82' lang='lat' dir='ltr'>inmerito</span> 
     </span>
     <span class='ocr_line' id='line_1_25' title="bbox 152 1676 1270 1718; baseline 0.002 -11"><span class='ocrx_word' id='word_1_106' title='bbox 152 1676 224 1708; x_wconf 87' lang='lat' dir='ltr'>Meo</span> <span class='ocrx_word' id='word_1_107' title='bbox 248 1676 327 1708; x_wconf 85' lang='lat' dir='ltr'>mihi</span> <span class='ocrx_word' id='word_1_108' title='bbox 351 1677 432 1708; x_wconf 85' lang='lat' dir='ltr'>haec</span> <span class='ocrx_word' id='word_1_109' title='bbox 457 1677 548 1714; x_wconf 77' lang='lat' dir='ltr'>facis,</span> <span class='ocrx_word' id='word_1_110' title='bbox 573 1678 649 1718; x_wconf 87' lang='lat' dir='ltr'>quia</span> <span class='ocrx_word' id='word_1_111' title='bbox 673 1677 750 1708; x_wconf 88' lang='lat' dir='ltr'>mihi</span> <span class='ocrx_word' id='word_1_112' title='bbox 775 1680 807 1708; x_wconf 83' lang='lat' dir='ltr'>te</span> <span class='ocrx_word' id='word_1_113' title='bbox 831 1677 982 1717; x_wconf 76' lang='lat' dir='ltr'>expetiui.</span> <span class='ocrx_word' id='word_1_114' title='bbox 1218 1685 1270 1709; x_wconf 80' lang='lat'>850</span> 
     </span>
     <span class='ocr_line' id='line_1_26' title="bbox 151 1730 1271 1772; baseline 0 -10"><span class='ocrx_word' id='word_1_115' title='bbox 151 1730 212 1762; x_wconf 88' lang='lat' dir='ltr'>Illa</span> <span class='ocrx_word' id='word_1_116' title='bbox 235 1730 321 1762; x_wconf 86' lang='lat' dir='ltr'>haud</span> <span class='ocrx_word' id='word_1_117' title='bbox 344 1731 481 1762; x_wconf 84' lang='lat' dir='ltr'>uerbum</span> <span class='ocrx_word' id='word_1_118' title='bbox 505 1732 593 1768; x_wconf 76' lang='lat' dir='ltr'>facit,</span> <span class='ocrx_word' id='word_1_119' title='bbox 617 1734 649 1762; x_wconf 84' lang='lat' dir='ltr'>et</span> <span class='ocrx_word' id='word_1_120' title='bbox 673 1732 778 1772; x_wconf 83' lang='lat' dir='ltr'>saepit</span> <span class='ocrx_word' id='word_1_121' title='bbox 803 1736 893 1763; x_wconf 83' lang='lat' dir='ltr'>ueste</span> <span class='ocrx_word' id='word_1_122' title='bbox 916 1731 958 1769; x_wconf 82' lang='lat' dir='ltr'>id,</span> <span class='ocrx_word' id='word_1_123' title='bbox 982 1732 1037 1771; x_wconf 88' lang='lat' dir='ltr'>qui</span> <span class='ocrx_word' id='word_1_124' title='bbox 1061 1731 1150 1762; x_wconf 82' lang='lat' dir='ltr'>estis.</span> <span class='ocrx_word' id='word_1_125' title='bbox 1268 1768 1271 1769; x_wconf 21' lang='lat'><em>⁷</em></span> 
     </span>
     <span class='ocr_line' id='line_1_27' title="bbox 152 1784 1268 1826; baseline -0.001 -10"><span class='ocrx_word' id='word_1_126' title='bbox 152 1784 215 1816; x_wconf 90' lang='lat' dir='ltr'>Ubi</span> <span class='ocrx_word' id='word_1_127' title='bbox 231 1785 324 1816; x_wconf 92' lang='lat' dir='ltr'>illum</span> <span class='ocrx_word' id='word_1_128' title='bbox 343 1785 461 1817; x_wconf 82' lang='lat' dir='ltr'>saltum</span> <span class='ocrx_word' id='word_1_129' title='bbox 480 1785 578 1817; x_wconf 85' lang='lat' dir='ltr'>uideo</span> <span class='ocrx_word' id='word_1_130' title='bbox 596 1785 802 1826; x_wconf 82' lang='lat' dir='ltr'>obsaeptum,</span> <span class='ocrx_word' id='word_1_131' title='bbox 825 1796 903 1824; x_wconf 83' lang='lat' dir='ltr'>rogo</span> <span class='ocrx_word' id='word_1_132' title='bbox 927 1790 962 1817; x_wconf 88' lang='lat' dir='ltr'>ut</span> <span class='ocrx_word' id='word_1_133' title='bbox 985 1785 1089 1817; x_wconf 86' lang='lat' dir='ltr'>altero</span> <span class='ocrx_word' id='word_1_134' title='bbox 1109 1786 1196 1816; x_wconf 86' lang='lat' dir='ltr'>sinat</span> <span class='ocrx_word' id='word_1_135' title='bbox 1212 1785 1268 1816; x_wconf 86' lang='lat' dir='ltr'>ire.</span> 
     </span>
     <span class='ocr_line' id='line_1_28' title="bbox 151 1838 698 1871; baseline 0.002 -1"><span class='ocrx_word' id='word_1_136' title='bbox 151 1838 234 1870; x_wconf 90' lang='lat' dir='ltr'>Uolo</span> <span class='ocrx_word' id='word_1_137' title='bbox 257 1843 294 1870; x_wconf 84' lang='lat' dir='ltr'>ut</span> <span class='ocrx_word' id='word_1_138' title='bbox 317 1839 489 1871; x_wconf 87' lang='lat' dir='ltr'>obuortam</span> <span class='ocrx_word' id='word_1_139' title='bbox 514 1839 631 1871; x_wconf 87' lang='lat' dir='ltr'>cubitis</span> <span class='ocrx_word' id='word_1_140' title='bbox 654 1840 698 1870; x_wconf 89' lang='lat' dir='ltr'>im</span> 
     </span>
     <span class='ocr_line' id='line_1_29' title="bbox 151 1890 692 1925; baseline 0.004 -2"><span class='ocrx_word' id='word_1_141' title='bbox 151 1890 286 1924; x_wconf 91' lang='lat' dir='ltr'>Nullum</span> <span class='ocrx_word' id='word_1_142' title='bbox 312 1894 424 1925; x_wconf 85' lang='lat' dir='ltr'>muttit</span> <span class='ocrx_word' id='word_1_143' title='bbox 447 1894 542 1925; x_wconf 74' lang='lat' dir='ltr'>etiam</span> <span class='ocrx_word' id='word_1_144' title='bbox 565 1893 692 1925; x_wconf 78' lang='lat' dir='ltr'>uerbum</span> 
     </span>
    </p>
   </div>
   <div class='ocr_carea' id='block_1_11' title="bbox 152 1979 375 1984">
    <p class='ocr_par' dir='ltr' id='par_1_12' title="bbox 152 1979 375 1984">
     <span class='ocr_line' id='line_1_30' title="bbox 152 1979 375 1984; baseline 0 0"><span class='ocrx_word' id='word_1_145' title='bbox 152 1979 375 1984; x_wconf 95' lang='lat' dir='ltr'> </span> 
     </span>
    </p>
   </div>
   <div class='ocr_carea' id='block_1_12' title="bbox 148 2021 1271 2182">
    <p class='ocr_par' dir='ltr' id='par_1_13' title="bbox 148 2021 1271 2140">
     <span class='ocr_line' id='line_1_31' title="bbox 234 2021 1270 2055; baseline 0 -9"><span class='ocrx_word' id='word_1_146' title='bbox 234 2021 286 2046; x_wconf 87' lang='grc'>840</span> <span class='ocrx_word' id='word_1_147' title='bbox 303 2021 488 2048; x_wconf 79' lang='lat' dir='ltr'>....haberet</span> <span class='ocrx_word' id='word_1_148' title='bbox 557 2023 605 2048; x_wconf 74' lang='lat'>841</span> <span class='ocrx_word' id='word_1_149' title='bbox 626 2022 745 2048; x_wconf 86' lang='lat' dir='ltr'>habeat.</span> <span class='ocrx_word' id='word_1_150' title='bbox 757 2022 892 2055; x_wconf 78' lang='lat' dir='ltr'>..arripio</span> <span class='ocrx_word' id='word_1_151' title='bbox 912 2022 958 2048; x_wconf 74' lang='lat' dir='ltr'>[E</span> <span class='ocrx_word' id='word_1_152' title='bbox 1022 2023 1073 2048; x_wconf 83' lang='lat'>842</span> <span class='ocrx_word' id='word_1_153' title='bbox 1093 2030 1152 2048; x_wconf 80' lang='lat' dir='ltr'>esse</span> <span class='ocrx_word' id='word_1_154' title='bbox 1220 2023 1270 2047; x_wconf 76' lang='lat'>847</span> 
     </span>
     <span class='ocr_line' id='line_1_32' title="bbox 149 2063 1271 2098; baseline 0.001 -9"><span class='ocrx_word' id='word_1_155' title='bbox 149 2063 239 2097; x_wconf 76' lang='lat' dir='ltr'>apello</span> <span class='ocrx_word' id='word_1_156' title='bbox 260 2064 386 2090; x_wconf 80' lang='lat' dir='ltr'>Casinam</span> <span class='ocrx_word' id='word_1_157' title='bbox 406 2065 503 2098; x_wconf 82' lang='lat' dir='ltr'>inquid</span> <span class='ocrx_word' id='word_1_158' title='bbox 522 2064 552 2090; x_wconf 87' lang='lat' dir='ltr'><strong><em>E</em></strong></span> <span class='ocrx_word' id='word_1_159' title='bbox 621 2066 673 2091; x_wconf 83' lang='lat'>848</span> <span class='ocrx_word' id='word_1_160' title='bbox 690 2074 734 2091; x_wconf 80' lang='lat' dir='ltr'>me</span> <span class='ocrx_word' id='word_1_161' title='bbox 755 2065 886 2091; x_wconf 78' lang='lat' dir='ltr'>uxorcula</span> <span class='ocrx_word' id='word_1_162' title='bbox 905 2064 963 2090; x_wconf 99' lang='grc' dir='ltr'>ΒΕ</span> <span class='ocrx_word' id='word_1_163' title='bbox 1047 2066 1094 2091; x_wconf 78' lang='grc'>851</span> <span class='ocrx_word' id='word_1_164' title='bbox 1115 2065 1193 2090; x_wconf 88' lang='lat' dir='ltr'>Illam</span> <span class='ocrx_word' id='word_1_165' title='bbox 1213 2064 1271 2090; x_wconf 89' lang='grc' dir='ltr'>ΒΕ</span> 
     </span>
     <span class='ocr_line' id='line_1_33' title="bbox 148 2107 1270 2140; baseline 0 -7"><span class='ocrx_word' id='word_1_166' title='bbox 148 2108 199 2133; x_wconf 83' lang='grc'>852</span> <span class='ocrx_word' id='word_1_167' title='bbox 217 2107 259 2133; x_wconf 83' lang='lat' dir='ltr'>sin</span> <span class='ocrx_word' id='word_1_168' title='bbox 279 2107 356 2133; x_wconf 76' lang='lat' dir='ltr'>adire</span> <span class='ocrx_word' id='word_1_169' title='bbox 374 2107 432 2134; x_wconf 84' lang='lat' dir='ltr'>BE</span> <span class='ocrx_word' id='word_1_170' title='bbox 509 2109 559 2134; x_wconf 83' lang='lat'>853</span> <span class='ocrx_word' id='word_1_171' title='bbox 578 2108 642 2134; x_wconf 79' lang='lat' dir='ltr'>‚olo</span> <span class='ocrx_word' id='word_1_172' title='bbox 660 2108 683 2140; x_wconf 89' lang='lat' dir='ltr'>I,</span> <span class='ocrx_word' id='word_1_173' title='bbox 702 2108 773 2134; x_wconf 89' lang='lat' dir='ltr'>Nolo</span> <span class='ocrx_word' id='word_1_174' title='bbox 790 2108 818 2134; x_wconf 82' lang='lat' dir='ltr'><em>E</em></span> <span class='ocrx_word' id='word_1_175' title='bbox 887 2109 938 2134; x_wconf 78' lang='lat'>854</span> <span class='ocrx_word' id='word_1_176' title='bbox 958 2107 1041 2134; x_wconf 92' lang='lat' dir='ltr'>ullum</span> <span class='ocrx_word' id='word_1_177' title='bbox 1060 2107 1125 2140; x_wconf 88' lang='grc' dir='ltr'>ΒΕ,</span> <span class='ocrx_word' id='word_1_178' title='bbox 1144 2108 1233 2134; x_wconf 91' lang='lat' dir='ltr'>..lum</span> <span class='ocrx_word' id='word_1_179' title='bbox 1253 2108 1270 2133; x_wconf 92' lang='lat'><em>1</em></span> 
     </span>
    </p>

    <p class='ocr_par' dir='ltr' id='par_1_14' title="bbox 234 2149 592 2182">
     <span class='ocr_line' id='line_1_34' title="bbox 234 2149 592 2182; baseline 0.003 -7"><span class='ocrx_word' id='word_1_180' title='bbox 234 2151 346 2176; x_wconf 76' lang='lat' dir='ltr'>muttite</span> <span class='ocrx_word' id='word_1_181' title='bbox 364 2149 416 2182; x_wconf 88' lang='lat' dir='ltr'>BI,</span> <span class='ocrx_word' id='word_1_182' title='bbox 435 2151 544 2176; x_wconf 83' lang='lat' dir='ltr'>mittere</span> <span class='ocrx_word' id='word_1_183' title='bbox 564 2151 592 2177; x_wconf 88' lang='grc' dir='ltr'><strong><em>Ε</em></strong></span> 
     </span>
    </p>
   </div>
   <div class='ocr_carea' id='block_1_13' title="bbox 1547 0 1596 2478">
    <p class='ocr_par' dir='ltr' id='par_1_15' title="bbox 1547 0 1596 2478">
     <span class='ocr_line' id='line_1_35' title="bbox 1547 0 1596 2478; baseline 0 0"><span class='ocrx_word' id='word_1_184' title='bbox 1547 0 1596 2478; x_wconf 95' lang='lat' dir='ltr'> </span> 
     </span>
    </p>
   </div>
  </div>
 </body>
</html>
