1596 2478
313 165 375 194 322
781 165 961 192 Mostellaria.

312 260 390 298 quod
414 260 551 299 plerique
575 264 765 299 receperunt,
800 262 850 290 vix
873 264 968 297 recte;
1003 261 1037 291 R.
1062 272 1161 291 vocem
1186 273 1433 301 supervacaneam

312 313 423 350 omisit,
447 322 500 340 nec
523 312 616 340 habeo
640 313 754 341 melius.
805 312 862 341 Sed
886 313 962 341 idem
986 313 1136 342 licentius:
1175 313 1267 349 „Nam
1292 314 1364 351 quid
1388 314 1434 343 bic

311 372 365 391 uos
390 361 500 400 agitis?
541 362 669 392 PHILE.
693 363 760 392 Tibi
784 374 830 392 me
853 374 977 393 oxorno.
1018 364 1146 394 PHILO.
1171 365 1308 393 Ornata’s
1331 362 1434 394 satis“.

317 411 388 442 Tibi
416 424 431 441 a
461 414 552 442 verbo
586 413 753 452 „plnceum“
785 415 906 452 pendet.
958 415 1029 443 Post
1054 416 1224 454 „placenm“
1251 417 1348 445 hiatus
1381 420 1433 446 est.

310 480 353 485 —
374 466 444 493 287.
472 462 544 493 Abi.
570 465 715 503 Scapham
741 466 913 503 alloquitur.
931 481 974 485 —
993 467 1063 495 289.
1089 467 1213 501 „Libet“
1236 469 1264 496 in
1288 469 1435 506 principio

311 526 416 544 versus
439 516 551 544 delevit
575 517 695 545 Lachm.
719 517 757 545 ad
782 517 869 546 Lucr.
893 528 922 555 p.
943 518 1014 545 389.
1038 532 1081 537 —
1106 518 1196 553 „mihi
1219 518 1314 547 idem“
1341 519 1433 557 Bugg.

311 582 350 587 -
376 568 447 601 290,
472 568 508 595 cf.
533 567 616 596 Pers.
640 568 716 597 665:
755 568 839 603 „Non
863 569 970 606 edepol
994 569 1081 597 minis
1103 571 1243 598 trecentis
1266 579 1335 598 cara
1357 570 1433 600 est“.

310 615 388 647 Mea
412 615 557 656 uoluptas
580 619 626 649 ed.
651 630 695 658 pr.
721 620 870 657 ceterique
893 629 988 657 usque
1011 619 1048 648 nd
1073 620 1106 648 R.
1126 621 1232 658 puelloe
1254 621 1433 657 tribuerunt,

310 671 426 708 reliqua
459 671 651 700 adulescenti.
707 671 766 699 Pro
798 669 899 706 „eam“
930 680 1000 698 vero
1030 671 1076 700 ed.
1106 681 1151 708 pr.
1178 671 1285 706 „iam“,
1320 672 1433 701 Camer.

313 721 417 756 „hem“
443 723 500 757 ed..
525 726 662 751 neutrum
686 723 759 750 satis
782 724 866 760 apte3
890 721 1025 759 equidem
1045 723 1140 750 omisi.
1176 723 1287 752 Ritsch.
1307 726 1434 761 transp.:

313 773 422 808 „Hem.
445 775 522 802 istuc
544 773 682 808 verbum,
706 783 769 802 mea
793 773 947 810 uoluptas,
971 773 1092 801 uilest“.
1127 788 1168 793 —
1205 775 1274 803 291.
1310 775 1435 803 Amator

310 825 407 854 verbis
431 825 537 862 puelloe
559 825 687 862 gavisus,
711 825 736 852 si
759 825 826 862 quis
849 825 956 860 viginti
979 825 1065 852 minis
1088 828 1174 860 emat,
1198 835 1256 854 nou
1280 836 1349 854 cara
1371 836 1434 854 esse

310 876 397 904 dicit:
434 876 485 905 illa
515 876 620 905 ludens
649 877 691 905 nit
719 886 750 904 se
775 877 875 903 decem
900 876 986 903 minis
1009 879 1178 904 contentam
1203 886 1275 905 esse.
1333 874 1434 906 decem

309 927 423 955 Acidal.
449 938 519 962 em.;
543 929 714 966 superiores
737 938 802 957 cum
827 927 850 956 C
875 925 1055 962 „decumbe“
1081 928 1272 965 scripserant.
1297 943 1336 948 —
1361 925 1435 958 bene

309 978 459 1015 emptum,
490 989 517 1007 v.
542 979 578 1008 ad
602 979 710 1017 Amph.
737 980 807 1008 283.
840 993 875 998 ——
909 978 979 1006 292.
1015 977 1122 1012 Immo.
1152 979 1314 1017 respondet
1336 980 1433 1008 Philo-

308 1031 416 1066 laches,
441 1034 473 1059 tu
497 1031 567 1059 mihi
591 1031 691 1059 decem
712 1032 806 1059 minas
824 1030 926 1065 debes;
950 1039 1016 1057 nam
1035 1031 1159 1067 triginta
1177 1030 1252 1059 solvi
1271 1040 1325 1068 pro
1343 1031 1432 1060 liber-

308 1085 369 1110 tate
392 1085 454 1116 tua,
479 1092 602 1119 quarum
626 1083 651 1110 si
675 1083 782 1119 viginti
804 1082 860 1110 tibi
884 1081 994 1110 dedero
1018 1081 1056 1109 ob
1079 1081 1152 1109 illud
1177 1082 1309 1117 verbum,
1332 1081 1433 1110 decom

309 1134 473 1162 restabunt.
520 1131 578 1168 uel,
603 1143 629 1162 v.
650 1133 686 1162 ad
705 1133 811 1170 Amph.
834 1133 904 1162 910.
949 1131 1102 1162 rationem
1123 1133 1211 1170 puta,
1236 1143 1262 1161 v.
1282 1133 1319 1161 ad
1332 1133 1432 1162 Aulul.

310 1185 380 1213 519.
405 1199 446 1203 —-
471 1185 540 1213 293.
570 1182 635 1214 Cur
656 1181 846 1221 exprobras?
875 1186 912 1214 cs.
936 1185 1016 1214 Trin.
1043 1186 1118 1214 319:
1151 1184 1247 1219 „Quid
1271 1184 1433 1222 exprobras

308 1235 381 1264 bene
405 1236 484 1274 quod
509 1235 636 1265 feeisti“.
656 1251 696 1255 —
716 1237 785 1264 294.
812 1233 1031 1273 obprobrarier
1054 1237 1099 1264 ed.
1113 1246 1174 1273 pr.;
1198 1236 1288 1273 paulo
1311 1236 1433 1272 gravius

307 1287 426 1315 videtur
449 1298 536 1325 quam
562 1287 752 1324 exprobrare,
777 1297 954 1325 quamquam
980 1288 1103 1326 paulum
1126 1288 1259 1323 interest,
1285 1287 1320 1315 cf.
1345 1288 1431 1324 Capt.

309 1339 379 1367 586.
419 1338 505 1367 Truc.
532 1339 607 1367 273:
652 1339 731 1372 „Rus
761 1342 792 1366 tu
824 1339 895 1367 mihi
919 1338 1114 1378 obprobraffi.
1145 1353 1186 1358 —-
1215 1339 1286 1367 295.
1321 1335 1432 1372 locasti,

307 1390 342 1418 cf.
369 1390 438 1418 524.
484 1387 549 1418 iam
573 1387 629 1418 diu
652 1390 766 1418 Camer.
793 1399 847 1418 em.
880 1405 916 1410 -
949 1392 1019 1419 296.
1051 1397 1175 1426 operam
1199 1396 1354 1426 nusquam
1385 1390 1430 1418 ed.

307 1451 352 1478 pr.
376 1457 417 1461 —
448 1442 507 1470 299
533 1452 549 1469 a
575 1442 633 1470 300
658 1442 790 1479 separari
815 1452 873 1470 non
897 1451 984 1479 posse
1008 1442 1083 1470 vidit
1107 1441 1271 1475 Acidalius3
1305 1443 1432 1478 uterque

307 1497 406 1521 autem
435 1503 471 1521 ex
501 1494 633 1528 margine
662 1493 792 1530 irrepsit.
849 1493 978 1530 Langen.
1003 1493 1094 1522 Beitr.
1125 1503 1153 1530 p.
1180 1493 1239 1520 254
1263 1501 1306 1529 sq.
1331 1494 1429 1529 poste-

307 1545 415 1572 riorem
440 1544 576 1580 damnat3
610 1545 660 1572 sed
691 1543 909 1572 damnationem
939 1545 1061 1573 alterius
1084 1544 1179 1582 partis
1201 1543 1356 1572 sententiae
1379 1552 1429 1570 ne-

306 1605 385 1624 cesse
408 1598 453 1624 est
475 1596 570 1623 altera
593 1598 748 1633 sequutum
784 1597 847 1623 tota
875 1597 951 1624 enim
975 1597 1122 1624 sententia
1145 1604 1307 1623 sermonem
1332 1594 1431 1631 inepte

306 1647 508 1684 interrumpit.
543 1661 584 1666 —
614 1654 732 1683 prosus
760 1655 815 1684 pro
849 1645 1021 1684 „prorsus“‚
1056 1656 1083 1675 v.
1109 1646 1219 1674 Ritsch.
1244 1645 1324 1673 Prol.
1347 1644 1429 1672 Trin.

306 1708 335 1735 p.
360 1697 432 1726 CIV.
479 1697 569 1733 Neue,
592 1698 658 1726 Lat.
683 1697 832 1726 Formeul.
857 1697 884 1725 ΙΙ
907 1707 935 1735 p.
962 1699 1031 1726 638.

393 1749 463 1777 301.
488 1748 658 1777 Instituitur
682 1750 862 1787 compotatio
885 1749 914 1777 in
938 1749 1101 1786 proscenio,
1125 1751 1158 1775 ut
1182 1747 1260 1775 Pers.
1287 1747 1345 1776 763
1364 1757 1429 1785 sqq.

305 1799 438 1828 Primum
467 1810 545 1837 aqua
573 1800 709 1828 manibus
739 1799 875 1834 affertur,
911 1801 946 1828 cf.
980 1799 1058 1828 Pers.
1090 1800 1163 1828 768:
1203 1798 1289 1833 „dnte
1322 1808 1428 1836 aquam

306 1850 454 1886 manibus;
478 1852 620 1889 apponite
643 1850 803 1879 mensam“.
844 1858 941 1887 petere
964 1850 1052 1878 habet
1077 1850 1217 1878 Priscian.
1242 1849 1285 1877 ΙΙΙ
1308 1859 1336 1886 p.
1357 1849 1428 1881 618.

304 1912 330 1930 v.
357 1902 394 1930 ad
418 1903 498 1930 Asin.
525 1903 594 1931 379.
633 1902 708 1930 infra
733 1903 803 1930 929.
829 1903 900 1930 931.
925 1902 996 1930 973.
1022 1902 1092 1930 974.
1150 1898 1323 1929 mensulam
1352 1901 1429 1929 idem

304 1952 395 1981 Prisc.
421 1968 461 1972 —
487 1954 557 1982 302.
583 1950 676 1981 Talos
699 1954 809 1990 poscit,
841 1963 866 1981 v.
892 1953 927 1980 ad
952 1953 1033 1981 Asin.
1060 1954 1129 1981 772.
1157 1967 1194 1971 -
1221 1952 1429 1981 Philolachetis

305 2014 410 2032 nomen
435 2004 502 2032 add.
522 2005 567 2032 ed.
588 2015 632 2041 pr.
679 2004 707 2032 Is
730 2001 908 2041 unquentis,
933 2003 1040 2040 quibus
1065 2005 1093 2031 in
1118 2004 1261 2032 conviviis
1284 2003 1328 2031 uti
1352 2003 1428 2031 sole-

304 2055 376 2084 bant
399 2053 440 2091 (v.
465 2055 500 2083 ad
525 2056 607 2083 Asin.
635 2053 716 2092 796),
741 2056 783 2084 nit
806 2065 863 2084 non
887 2065 961 2092 opus
985 2064 1056 2090 esse,
1087 2055 1225 2092 quonium
1249 2055 1313 2091 ipsa
1336 2054 1428 2082 amica

302 2110 483 2144 unguentum
508 2107 755 2143 pretiosissimum
779 2107 826 2135 ait.
871 2104 979 2141 stacta,
1005 2115 1032 2134 v.
1057 2105 1093 2133 nd
1117 2104 1201 2134 Cure.
1231 2105 1298 2133 101.
