1596 2478
309 191 368 220 148
820 185 912 212 Plauti
1228 183 1261 216 v,
1281 184 1302 216 1,
1321 182 1424 210 ,αι-53

723 280 745 312 1
756 279 1016 319 heopropides

966 332 1067 364 Immo
1090 331 1153 364 hoc
1177 331 1314 373 primum
1338 331 1422 370 uolo,

309 378 498 416 Quaestioni
523 378 670 418 accipere
693 386 816 409 seruos.

793 445 940 477 Tranio

859 498 1059 530 Faciundum
1083 497 1198 539 edepol
1221 507 1348 529 censeo.

310 554 378 595 Ego
403 554 531 585 interim
555 554 640 585 hanc
663 563 752 585 aram
776 552 954 594 occupabo.

715 624 1022 666 Theopropides

896 677 981 716 Quid
1003 678 1071 710 ita‘?

795 737 941 770 Tranio

994 780 1124 812 Nullam
1149 790 1215 812 rem
1240 780 1338 820 sapis.
1364 788 1429 814 1075

315 836 362 867 Ne
386 837 470 868 enim
494 836 540 867 illi
565 836 627 867 huc
650 835 824 876 confugere
850 836 983 876 possint,
1015 835 1197 875 quaestioni
1222 844 1303 875 quos
1327 833 1429 869 dabit,

314 890 375 922 Hic
398 900 457 931 ego
481 891 541 922 tibi
566 889 769 931 praesidebo,
793 900 834 921 ne
858 889 1029 921 interbitat
1051 889 1211 929 quaestio.

720 960 1025 1002 Theopropides

314 1003 426 1045 Surge.

795 1062 820 1094 T
830 1074 900 1095 ran
909 1064 918 1095 i
927 1074 945 1095 ο

442 1106 593 1138 Minume.

723 1166 1032 1208 Theopropides

626 1220 673 1253 Ne
696 1221 892 1262 occupassis,
918 1220 1062 1258 obsecro,
1086 1230 1186 1252 aram.

803 1291 949 1324 Tranio

1229 1333 1316 1366 Cur‘?

725 1388 1037 1430 Theopropides

892 1441 895 1444 ’
1333 1431 1433 1464 Scies.

318 1488 402 1526 Quia
427 1487 510 1518 enim
535 1486 566 1517 id
592 1497 738 1518 maxume
761 1485 853 1524 uolo,
881 1489 917 1517 ut
945 1485 992 1516 illi
1016 1486 1099 1517 istoc
1122 1485 1326 1527 consugiant3
1351 1487 1435 1525 sine;

320 1541 344 1572 T
347 1546 423 1573 anto
442 1541 529 1581 apud
550 1540 687 1572 iudicem
707 1541 792 1572 hunc
811 1541 937 1581 argenti
961 1539 1183 1572 condemnabo
1207 1539 1343 1572 facilius.
1369 1549 1436 1575 1080

804 1611 952 1643 Tranio

322 1666 415 1704 Quod
439 1667 517 1707 agis,
541 1666 573 1697 id
598 1676 685 1707 agas.
731 1665 815 1704 Quid
839 1668 874 1697 tu
899 1676 994 1706 porro
1019 1676 1125 1698 serere
1149 1667 1198 1698 uis
1221 1666 1409 1707 negotium?

323 1720 434 1752 Nescis
458 1731 555 1761 quam
579 1720 772 1752 meticulosa
794 1730 846 1752 res
870 1720 914 1751 sit
936 1720 983 1751 ire
1007 1720 1048 1752 ad
1072 1720 1236 1752 iudicem?

728 1791 1040 1832 Theopropides

323 1847 423 1887 Surge
447 1845 523 1877 dum
546 1845 625 1884 huc;
651 1849 700 1877 est
722 1845 893 1877 consulere
917 1845 1016 1884 igitur
1039 1845 1195 1886 quiddam
1218 1845 1305 1886 quod
1329 1849 1436 1878 tecum

1037 1899 1121 1931 uolo.

396 2002 459 2027 1073
477 2001 533 2027 ΤΠ.
553 2009 602 2028 om.
689 2001 742 2027 hoc
761 2009 810 2027 om.
830 2000 851 2026 C
939 2002 1003 2026 1074
1021 2000 1078 2026 ΤΗ.
1097 1999 1241 2033 Questioni
1261 2000 1288 2026 B
1376 2002 1440 2027 1075

326 2044 468 2070 occnbabo
489 2044 511 2070 G
589 2045 652 2070 10¹7ss
671 2044 716 2070 hic
798 2044 862 2069 1078
881 2046 945 2069 octn
965 2044 1053 2076 passis
1072 2042 1098 2069 Β
1175 2052 1251 2070 arma
1330 2045 1393 2069 1079
1412 2044 1439 2070 id

327 2088 398 2112 enim
418 2086 444 2112 B
517 2088 581 2112 1080
600 2087 662 2112 hinc
732 2085 924 2112 oondemdalm
945 2086 967 2111 0
1042 2086 1104 2112 1081
1125 2085 1195 2118 Quid
1216 2085 1238 2112 G
1305 2094 1371 2119 agras

327 2131 368 2155 uis
386 2139 479 2156 serere
534 2131 598 2155 1052
617 2129 791 2156 metuculosa
810 2128 832 2155 Ο
882 2129 990 2154 resitire
