1596 2478
593 178 708 211 Argum.
751 176 824 203 Prol.
1222 180 1281 210 129

233 273 370 302 Casinam
399 275 560 311 seperatim
591 273 686 302 edidit
710 273 880 312 Geppertus
910 284 976 303 cum
1006 274 1097 302 variis
1123 275 1282 311 scripturis

151 325 259 354 codicis
293 324 493 353 Ambrosiani.
525 324 653 353 Berolin.
682 326 773 353 1866.
835 325 1054 354 Annotationes
1084 325 1194 354 criticae
1225 325 1284 354 Lo·

149 377 227 404 mani
250 375 356 403 Batavi
378 378 446 413 post
469 379 595 404 mortem
620 376 684 404 eius
707 375 794 404 editae
819 378 888 404 sunt
910 377 940 404 in
960 375 1163 404 Miscellaneis
1187 375 1284 414 philo-

151 427 227 464 logis
250 426 412 455 Amstelod.
443 427 532 454 1850.

234 477 423 506 Ambrosiani
447 486 501 515 ope
520 487 604 506 error
622 478 652 506 in
669 487 803 514 personae
824 477 940 506 nomine
959 480 1128 516 opportune
1147 477 1285 506 sublatus

151 532 202 558 est.
250 528 322 556 Nam
347 538 436 565 quum
461 531 560 557 cetera
583 538 779 567 personarum
803 529 921 556 nomina
939 528 1043 557 Graeca
1061 530 1123 558 sint
1142 529 1284 566 legitimae

149 580 252 608 formae
277 582 306 608 et
330 580 471 617 pleraque
495 579 616 608 aliunde
638 582 719 614 nota,
751 589 841 608 senex
865 581 894 608 in
919 579 1103 608 editionibus
1127 579 1286 608 dicebatur

151 627 286 666 StaHno,
311 631 429 659 nomine
446 640 499 659 nec
517 630 653 659 credibili
674 640 726 659 nec
751 631 781 658 iu
806 631 890 659 codd.
915 633 1044 659 servato.
1099 630 1232 660 Librarii
1256 633 1287 659 et

151 682 282 710 editores
301 681 356 710 hoc
373 680 530 710 effecerant
554 691 589 710 ex
613 692 647 711 eo
672 681 751 719 quod
775 683 804 710 in
822 681 920 710 titulis
940 681 1056 710 duobus
1070 681 1134 711 cod.
1148 682 1172 710 B
1185 681 1285 717 habet,

151 738 218 762 ante
234 743 261 761 v.
278 733 336 761 199
354 732 523 768 „Stalitio“‚
543 736 611 761 ante
626 733 686 761 542
711 731 884 768 „Stalici0“‚
903 733 982 761 unde
995 734 1026 760 in
1039 732 1094 761 hnc
1107 735 1137 761 et
1149 734 1286 770 sequenti

150 794 238 813 scena
270 785 420 813 interdum
455 792 588 821 personae
621 785 808 812 sermonibus
848 784 1014 821 praefigitur
1049 783 1158 812 STAL.
1222 784 1286 812 Hoc

150 838 316 864 monstrum
346 835 473 863 nominis
504 844 539 863 ex
563 844 664 863 errore
688 836 798 864 codicis
821 845 848 864 v.
875 836 934 863 326
959 838 989 863 et
1014 836 1073 864 882
1099 838 1197 864 ortum
1222 845 1286 864 esse

152 886 283 916 ostendit
313 885 511 915 Studemund.
532 885 596 914 Iud.
617 886 707 914 schol.
727 886 895 924 Gryphisw.
919 887 1096 922 lem-72,
1121 896 1286 924 verumque

151 948 257 967 nomen
280 947 316 965 ex
340 937 438 965 titulis
460 937 650 966 Ambrosiuni
674 938 822 973 restituit,
852 940 886 966 ut
914 937 974 965 iam
998 939 1061 965 sine
1084 937 1146 965 ulla
1169 937 1286 965 dubita-

98 1021 102 1025 *
152 991 232 1018 tione
255 985 450 1027 Lysidamus
473 991 605 1023 vocetur,
637 988 672 1016 cf.
697 988 810 1017 Ritsch.
836 988 944 1026 Opusc.
969 988 1014 1016 III
1036 999 1065 1026 p.
1092 989 1150 1016 321
1176 997 1220 1024 sq.
1245 1003 1287 1007 —

157 1037 309 1070 Chalinus
349 1043 378 1068 et
418 1036 589 1077 Myrrhina
631 1040 806 1077 plerumque
850 1038 1004 1074 „Calinus“
1050 1042 1079 1068 et
1118 1038 1283 1075 „Mirrinu“

153 1092 332 1121 scribuntur.

592 1262 863 1295 Argumentum

154 1348 350 1377 acrostichon.
400 1350 426 1376 l.
452 1348 524 1376 Post
547 1345 689 1376 conserui
708 1347 823 1382 hiatus3
847 1347 934 1376 Both.
953 1347 990 1374 al.
1014 1347 1170 1381 „conserui
1195 1344 1286 1374 duo“.

156 1415 193 1419 —
225 1401 253 1428 3.
287 1397 421 1428 adiuuat
454 1406 556 1428 senem
592 1409 696 1427 versus
731 1408 818 1427 causa
851 1399 1039 1436 transposuit
1073 1397 1214 1435 Pylades.
1250 1413 1286 1417 —

156 1453 184 1480 4.
217 1458 275 1488 pro
305 1451 376 1479 olim
402 1450 547 1478 additum.
583 1464 621 1468 -—
646 1451 674 1478 5.
708 1446 825 1478 medea?
853 1450 922 1478 olim
953 1449 1156 1478 emendatum.
1188 1464 1229 1468 —
1260 1451 1287 1477 6.

154 1499 351 1531 Adulescens
371 1499 455 1530 (lzccit‘
477 1504 531 1530 cet.
573 1501 635 1529 Hoc
659 1511 718 1529 nou
743 1502 772 1528 in
796 1501 861 1538 ipsa
889 1500 992 1528 fabula
1015 1500 1064 1535 fit,
1089 1499 1140 1529 sed
1166 1503 1290 1538 peracta

154 1554 257 1583 fabula
280 1554 343 1583 fore
357 1552 574 1591 spectatoribus
598 1555 742 1580 narratur
765 1561 792 1580 v.
819 1552 879 1580 934
904 1561 947 1588 sq.

633 1732 810 1765 Prologus

155 1821 186 1840 se
215 1813 280 1848 ipse
311 1810 419 1838 clamat
446 1819 506 1837 non
534 1804 628 1846 ipsius
650 1808 749 1837 Plauti
779 1818 857 1843 esse,
893 1807 944 1836 sed
974 1817 1064 1845 quum
1094 1807 1196 1835 fabula
1219 1810 1290 1844 post

155 1865 280 1891 mortem
306 1861 368 1889 eius
392 1861 490 1889 denuo
512 1860 685 1896 referretur,
718 1869 781 1888 esse
805 1860 959 1896 scriptum.
1012 1858 1075 1886 Hoc
1099 1867 1190 1895 supra
1213 1858 1288 1886 vidi-

157 1923 220 1942 mus
253 1913 343 1951 paulo
372 1914 440 1950 post
468 1912 596 1940 medium
627 1911 789 1939 secundum
818 1910 956 1939 saeculum
988 1909 1098 1937 factum
1122 1919 1202 1944 esse,
1236 1919 1290 1936 nec

157 1965 253 1994 adhuc
281 1964 444 2002 quidquam
474 1964 583 1991 certius
613 1962 732 1991 definiri
760 1971 848 2000 posse
878 1961 1011 1996 videtur;
1044 1970 1110 1988 nam
1134 1971 1162 1989 v.
1188 1961 1205 1988 2
1230 1969 1289 1997 quo

155 2018 278 2054 spectet,
302 2016 479 2052 ignoramus.
536 2013 717 2042 Ritschelius
741 2013 860 2051 quidem
884 2012 1006 2048 Pnrerg.
1031 2021 1060 2049 p.
1089 2011 1149 2039 202
1173 2007 1290 2039 Fidem

156 2067 244 2096 huius
265 2067 360 2104 ipsius
383 2067 508 2095 actionis
531 2075 619 2094 causa
643 2066 903 2093 commemoratam
926 2065 1024 2101 putat,
1055 2062 1140 2099 quasi
1163 2062 1290 2090 dixisset

157 2119 277 2147 histrio:
316 2118 392 2154 „Vos
415 2127 521 2146 novam
545 2116 676 2145 fabulam
700 2116 894 2152 exspectatis;
923 2123 978 2150 ego
1003 2114 1157 2151 antiquam
1180 2113 1289 2148 refero,

1068 2171 1084 2195 9
