1596 2478
287 159 349 189 250
773 158 916 191 Epidicum

287 252 435 282 Formenl.
460 253 488 282 11
511 264 540 292 p.
560 255 620 284 645
645 254 856 284 animadvertit
877 255 906 283 in
931 255 1122 294 inscriptione
1146 255 1214 284 unni
1237 256 1274 284 18
1291 265 1320 293 p.
1339 255 1406 284 Chr.

288 301 392 340 (Orell.
418 305 489 333 686.
513 305 689 334 Willinanns
713 303 788 342 884)
813 315 839 334 v.
865 307 883 334 6
907 306 965 343 legi
992 304 1186 344 „perpotue“,
1211 314 1237 334 v.
1261 307 1296 334 17
1324 316 1408 344 „per-

286 354 408 393 petuo“.
433 370 472 374 —
495 353 597 392 uarie,
627 366 686 385 nou
714 366 830 395 sempor
851 356 955 386 eodem
979 356 1076 386 modo.
1132 356 1275 395 Epidicus
1296 358 1407 386 nourri-

286 406 355 434 liter
378 405 481 434 ludens
503 407 541 435 ad
564 407 738 436 varietatem
762 408 869 436 coloris
891 407 997 442 trahit,
1032 410 1063 436 et
1092 417 1183 444 quum
1206 407 1302 444 plagis
1325 407 1409 436 lividi

289 457 384 492 „uarii
426 455 538 493 uirgis“
581 457 719 486 dicantur
752 455 831 495 (Mil.
858 457 949 495 218),
990 459 1073 487 varia
1112 458 1262 487 hominum
1301 467 1410 496 genera

286 507 342 536 sibi
376 517 480 545 purum
515 508 633 546 placere
667 509 748 538 dicit.
810 509 879 538 Haec
913 513 1010 538 autem
1044 509 1207 538 bestiarum
1241 508 1409 538 nominibus

286 557 434 595 significat
465 559 550 587 varia
583 559 661 596 pelle
695 560 870 597 insignium,
909 560 1122 598 pantherarum
1157 562 1187 588 ct
1225 569 1409 597 caprearum.

287 608 408 646 Capreae
441 610 518 638 enim
552 611 739 639 nominandae
773 613 855 646 sunt,
890 620 948 640 non
977 620 1087 648 cflprae,
1122 620 1187 648 quae
1216 620 1294 648 saepe
1321 611 1410 640 unius

287 659 396 688 coloris
419 662 502 695 sunt,
533 670 586 689 nec
608 661 730 690 Plautus
757 662 966 699 „caprigenum
994 659 1104 699 genus“
1136 661 1227 697 dixit,
1258 664 1292 689 ut
1319 661 1410 698 vulgo

286 710 396 745 editur,
419 711 472 739 sed
494 714 529 739 ut
551 712 581 740 in
605 712 699 748 codd.,
724 713 814 740 etiam
837 713 866 741 iu
893 713 924 748 A,
955 716 1008 748 est,
1038 710 1265 749 cameayinum,
1289 712 1369 750 quod
1393 722 1411 741 a

287 771 396 799 caprea
418 761 565 791 formatur
586 765 620 791 ut
643 763 811 800 oleaginum
835 763 871 791 ab
895 764 968 792 olea.
983 778 1022 783 —-
1043 764 1091 792 20.
1114 763 1149 792 In
1172 764 1278 792 lacuna
1301 763 1411 792 codicis

287 812 311 841 B
333 822 391 841 sec.
416 822 519 841 manus
541 813 672 842 addidit:
699 812 905 849 „de.'rHES“.
957 814 1012 843 Ed.
1036 824 1099 852 pr.:
1131 814 1191 849 „Ut
1214 814 1266 842 illa
1289 824 1411 852 respon-

287 863 357 892 deas
380 862 503 901 probe“,
526 864 615 901 quod,
643 865 669 892 si
692 872 856 901 responses
878 866 1022 902 posueriS,
1052 866 1150 893 versui
1174 865 1326 897 convenit,
1358 865 1410 894 sed

291 915 378 949 „i11a“
394 915 503 952 plurali
522 925 643 943 numero
661 915 732 944 ferri
751 917 800 944 vix
818 919 933 953 potest;
955 916 1144 945 scribendum
1163 918 1207 944 est
1225 919 1276 944 aut
1298 914 1408 949 „illud“

288 968 339 994 aut
362 962 397 994 id
416 963 470 994 mi.
521 966 583 994 Hoc
605 967 731 994 fortasse
754 967 784 994 in
807 968 832 995 A
855 968 920 1001 fuit,
944 967 1028 996 cuius
1051 967 1227 1004 scripturam
1253 966 1411 995 admodum

287 1017 431 1044 incertum
451 1017 493 1044 sic
511 1016 598 1045 affert
615 1016 718 1045 Goetz.
733 1018 762 1046 in
779 1017 825 1045 ed.
839 1016 1098 1046 UTILLAERES.
1134 1017 1229 1055 Gepp.
1243 1017 1305 1046 ed.:
1332 1017 1410 1052 „ER

287 1067 348 1096 Iam
372 1070 407 1095 ut
430 1067 489 1095 alia
512 1076 677 1105 responses.
723 1067 785 1096 ΤΗ.
809 1066 938 1096 Probe!“
985 1068 1104 1096 Goetz.:
1146 1067 1224 1103 „ER
1250 1067 1338 1096 Mitte
1360 1068 1413 1096 illo

289 1128 324 1146 ac
346 1118 493 1156 responde
512 1118 580 1149 hoc.
620 1118 682 1146 TH.
709 1117 842 1148 Probe1“
890 1118 999 1148 Verum
1024 1115 1125 1148 Probe
1147 1119 1177 1147 in
1201 1118 1412 1156 respondendo

288 1169 482 1207 approbantis
506 1172 560 1204 est,
585 1179 643 1198 non
666 1170 878 1208 promittentia,
902 1170 938 1198 cf.
952 1169 1016 1199 Mil.
1032 1170 1122 1199 1140.
1156 1169 1223 1198 Ter.
1242 1169 1319 1198 Eun.
1342 1170 1412 1198 773.

288 1220 369 1248 Brix.
394 1221 484 1248 coni.:
525 1220 607 1255 „TH.
632 1220 673 1250 Ut
695 1221 785 1256 ualui,
810 1221 951 1258 respondi
973 1219 1100 1258 probe“.
1126 1235 1163 1240 —
1190 1221 1239 1250 21.
1266 1217 1412 1257 Quid...

287 1268 390 1308 filius,
425 1281 464 1299 sc.
489 1274 573 1307 agat,
607 1271 642 1299 cf.
668 1271 749 1300 Asin.
776 1271 825 1300 30.
867 1271 955 1301 Most.
981 1272 1052 1300 833.
1090 1286 1125 1291 —
1168 1268 1259 1302 Ualet
1280 1272 1305 1300 A
1334 1274 1415 1300 recte

288 1322 466 1360 Thesprioni
500 1321 565 1358 dat3
599 1325 667 1351 cett.
698 1332 763 1351 cum
797 1322 1002 1359 interrogandi
1037 1323 1123 1359 signo
1153 1322 1293 1359 Epidico,
1328 1323 1414 1359 quasi

288 1374 392 1403 fuisset
417 1371 602 1409 „Ualetue‘?“
638 1389 673 1393 -
698 1369 834 1410 puyilice
857 1373 949 1411 atque
972 1370 1121 1407 athletice,
1152 1374 1188 1402 cf.
1212 1373 1316 1402 Bacch.
1342 1374 1414 1402 245:

288 1440 331 1444 —
361 1425 409 1453 22.
445 1414 583 1461 atpor'ms
608 1422 757 1460 Thesprio
779 1424 816 1453 A.
846 1439 887 1444 —-
916 1425 966 1453 23.
1000 1421 1086 1453 ubist
1111 1422 1142 1452 is
1171 1427 1201 1452 et
1229 1421 1358 1453 aduenit
1385 1427 1416 1452 et

289 1483 360 1513 erqo
379 1477 412 1504 A.
431 1490 472 1494 ——
491 1476 568 1503 Ante
590 1473 655 1504 ‘nisi
677 1475 798 1504 audit-ur
824 1475 993 1513 „Nusquam
1018 1475 1136 1504 video“.
1153 1490 1190 1494 -
1211 1475 1260 1504 24.
1283 1471 1413 1511 melium

290 1531 320 1556 et
344 1528 368 1555 A
401 1530 430 1555 et.
458 1529 527 1555 cett.
557 1526 669 1564 duplici
699 1526 709 1554 1
740 1525 910 1561 3,mellina“,
945 1526 996 1554 sed
1025 1523 1036 1553 l
1063 1526 1191 1564 simplici
1225 1525 1413 1554 scribendum

289 1579 423 1613 videtum
457 1580 503 1606 est
532 1578 608 1605 enim
640 1580 756 1606 scorteu
784 1578 913 1606 mantica
941 1587 977 1605 ex
1005 1578 1088 1605 melin
1112 1577 1190 1614 pelle
1214 1577 1300 1611 facta,
1325 1585 1414 1613 quam

290 1630 416 1658 bestiam
440 1629 607 1666 pellemque
631 1629 693 1656 eius
717 1628 792 1656 Plin.
818 1628 853 1656 H.
879 1627 913 1656 N.
939 1627 1016 1662 VIII,
1042 1628 1092 1663 37,
1123 1629 1171 1663 55,
1205 1627 1263 1656 132
1289 1636 1415 1656 comme-

290 1683 396 1715 morat,
421 1680 456 1708 cf.
482 1679 564 1708 Grut.
586 1679 694 1716 Cyneg.
709 1680 786 1708 401:
813 1678 996 1714 „collaribus
1015 1701 1021 1707 .
1037 1701 1062 1707 ..
1083 1679 1220 1715 lucifugae
1243 1678 1348 1706 cristas
1370 1678 1414 1705 in·

291 1731 399 1759 ducere
417 1729 530 1760 melis“.
569 1730 606 1758 ib.
622 1730 693 1764 340,
718 1734 751 1758 ut
768 1739 822 1758 em.
838 1729 972 1764 Salmas„
999 1739 1151 1766 „canaque
1167 1738 1182 1757 e
1199 1729 1273 1757 mele
1291 1727 1414 1765 galei-P*-

291 1782 469 1811 Diocletiani
493 1780 547 1809 Ed.
572 1781 608 1808 (le
631 1781 734 1818 pretiis
757 1780 828 1817 Gap.
851 1781 868 1809 8
893 1790 920 1808 n.
943 1781 990 1809 29.
1019 1794 1054 1799 —
1082 1777 1128 1808 Di
1153 1778 1179 1808 te
1195 1776 1339 1816 perdant,
1364 1779 1416 1817 qui

291 1836 348 1860 tam
380 1833 481 1869 inepte
510 1833 599 1860 risum
625 1841 753 1869 quaerus,
786 1831 822 1860 cf.
848 1832 896 1859 69.
922 1831 978 1859 29:
1006 1830 1086 1866 „Une
1109 1827 1200 1859 tibi!“
1227 1830 1264 1857 nl.
1293 1843 1334 1848 —
1366 1830 1415 1858 25.

290 1881 436 1912 reddetur
459 1883 493 1917 A,
532 1881 704 1918 „redditur“
730 1882 752 1910 1.
805 1881 915 1910 Versus
938 1891 1026 1910 causa
1049 1881 1129 1910 Cam.
1157 1879 1361 1916 „reddibitur⁸‘
1387 1883 1417 1908 et

296 1935 384 1970 „mihi
419 1933 487 1962 da“.
543 1933 685 1962 Goetzius
710 1930 858 1969 Thesprio
893 1932 1021 1967 addidit,
1057 1942 1146 1969 quum
1181 1932 1211 1959 in
1234 1931 1259 1959 A
1282 1940 1416 1968 personas

292 1986 420 2023 spatium
445 1987 572 2013 vacaret.
605 1998 643 2004 —·
674 1984 722 2012 26.
753 1983 880 2021 Propter
903 1983 1080 2011 membrana>
1102 1983 1218 2016 vitium,
1247 1981 1346 2015 credo,
1370 1980 1417 2009 hio

292 2045 395 2065 versus
424 2036 453 2063 in
483 2035 645 2072 archetypo
675 2035 772 2063 tribus
800 2034 932 2063 versibus
956 2034 1085 2071 scriptus
1107 2035 1186 2068 erut3
1213 2032 1256 2060 sic
1280 2032 1357 2060 enim
1380 2032 1414 2066 A,

293 2086 316 2115 Β
339 2088 437 2115 autem
457 2088 518 2114 tres
536 2086 648 2123 primos
666 2085 779 2114 iambos
797 2085 983 2113 antecedenti
1005 2084 1101 2112 versui
1120 2083 1267 2118 nunectit3
1290 2085 1417 2120 uterque
