1596 2478
150 205 184 235 11.
205 207 227 236 l,
246 206 346 231 39-55
631 204 793 232 Cistellaria.
1206 211 1263 239 103

539 299 870 332 Alcesimarchus

148 353 262 394 ltaque
286 364 336 385 me
360 352 426 393 Ops
450 352 616 394 opulenta,
640 353 728 385 illius
753 355 827 385 auia
851 379 857 385 .
883 380 888 385 .
915 381 920 386 .

604 430 730 462 Melae
741 431 801 468 njis

801 483 902 515 Immo
926 489 1030 517 mater
1054 486 1193 526 quidem.
1213 495 1264 520 340

149 538 227 570 quo
252 537 319 570 filia
342 542 374 569 et
398 537 556 570 Saturnus
581 537 733 578 patruus!
757 548 902 570 summus
926 539 1087 581 Iuppiter!

541 614 869 647 Alcesimarchus

147 670 195 701 Tu
218 680 267 700 me
292 669 431 706 delenis3
456 672 588 709 propter
612 673 643 701 te
668 668 748 700 haec
771 679 883 710 pecco.

606 744 803 778 Melaenis

921 800 1021 841 Perge
1046 801 1162 840 dicere,

149 855 190 887 Ut
213 856 320 888 etiam.
345 855 421 895 quid
447 854 635 886 consultura
658 854 712 892 sis,
737 855 845 885 sciam.
893 854 992 894 Perge
1017 855 1133 897 eloqui.

148 910 217 941 Non
242 911 420 947 remittam,
444 908 612 940 definitum
638 911 696 939 est.

541 985 870 1017 Alcesimarchus

724 1039 897 1072 Enimuero
921 1041 968 1072 ita
992 1051 1042 1072 me
1065 1040 1219 1082 Iuppiter,

148 1101 263 1142 Itaque
289 1111 337 1131 me
362 1100 441 1131 Iuno
465 1103 498 1131 et
522 1099 690 1137 Saturnus,
713 1100 760 1131 ita
776 1117 811 1121 —
832 1100 911 1140 quid
935 1100 1050 1138 dicam,
1075 1102 1193 1132 nescio.
1214 1108 1264 1134 345

147 1154 216 1186 Iam
239 1155 313 1186 scio.
359 1154 471 1191 Immo,
496 1154 619 1192 mulier,
643 1154 730 1190 audi,
760 1164 864 1185 meam
888 1158 925 1185 ut
947 1155 1031 1186 scias
1054 1155 1263 1186 sententiam:

144 1209 184 1240 Di
208 1219 257 1240 me
281 1219 400 1246 omnesy
426 1209 534 1249 magni
559 1209 738 1248 minutique
762 1211 794 1240 et
817 1208 984 1249 patellarii

144 1263 271 1301 Faxint‚
295 1273 334 1294 ne
359 1273 417 1303 ego
440 1272 587 1303 umquam
610 1262 678 1294 (lem
701 1264 794 1294 uiuos
817 1263 943 1294 sanium
969 1263 1107 1304 Selenio,

144 1317 215 1349 Nisi
239 1328 298 1358 ego
322 1321 419 1358 teque
442 1316 610 1358 filiamque
633 1321 725 1348 tuam
748 1317 845 1349 hodie
869 1317 1118 1356 obtruncauero,

144 1372 224 1404 Post
245 1376 353 1403 autem
377 1381 450 1402 cum
475 1372 578 1412 primo
602 1371 666 1403 luci
690 1382 763 1403 cras
786 1372 848 1403 nisi
872 1372 967 1404 ambo
991 1372 1151 1410 occidero,
1212 1381 1263 1406 350

145 1425 188 1458 Et
211 1425 360 1466 equidem
384 1426 493 1457 hercle
516 1426 579 1457 nisi
603 1425 724 1466 pedatu
747 1426 846 1457 tertio
870 1427 974 1458 omnis
998 1425 1151 1463 efflixero,

146 1479 216 1512 Nisi
239 1484 275 1511 tu
299 1480 386 1511 illam
410 1480 549 1512 remittis
573 1480 615 1511 ad
639 1480 704 1512 me!
750 1480 832 1518 Dixi,
857 1491 940 1521 quae
963 1481 1062 1512 uolui.
1108 1480 1200 1512 Uale.

601 1557 801 1589 Melaenis

146 1611 236 1643 Abiit
258 1613 344 1643 intro
367 1612 480 1644 iratus.
526 1612 610 1650 Quid
635 1622 694 1652 ego
718 1623 802 1644 nunc
825 1612 939 1653 agam?
985 1612 1018 1644 si
1041 1612 1176 1644 redierit

145 1666 206 1697 Illa
229 1666 270 1697 ad
294 1665 391 1703 huno,
414 1666 534 1697 ibidem
558 1667 619 1697 loci
642 1677 695 1698 res
719 1667 789 1705 erit,
812 1667 867 1698 ubi
892 1667 1001 1697 odium
1025 1667 1202 1708 occeperit3

144 1720 238 1752 Illam
262 1721 419 1759 extrudet,
445 1731 542 1762 quom
566 1721 650 1752 hanc
667 1731 801 1752 uxorem
821 1721 987 1752 Lemniam
1006 1721 1103 1753 ducet
1122 1721 1261 1753 domum.

146 1774 209 1807 Sed
232 1778 340 1806 tamen
365 1775 418 1806 ibo
442 1780 475 1806 et
498 1786 693 1815 persequar3
722 1785 834 1806 amens
859 1786 898 1806 ne
922 1775 1002 1815 quid
1023 1775 1133 1814 faciat,
1164 1780 1261 1807 cauto

859 1834 964 1870 opust.
1211 1839 1261 1864 356

230 1933 281 1958 340
298 1932 448 1958 ALCHES.
470 1933 557 1957 Immo
569 1931 625 1958 ΒΕ
684 1933 731 1958 341
753 1931 836 1957 MEL.
857 1932 927 1958 Iuno
987 1935 1102 1964 patruus
1122 1936 1149 1958 et
1158 1932 1192 1965 Β,
1212 1942 1258 1966 pa-

145 1978 221 2001 truus
241 1978 283 2001 est
301 1974 347 2002 IE
407 1977 457 2002 342
476 1976 545 2001 lenis
563 1976 582 2001 Ι
645 1977 695 2001 343
712 1975 793 2001 Anne
813 1978 843 2000 ut
910 1975 932 2000 si
952 1974 982 2000 Ε
1044 1976 1094 2001 346
1112 1976 1139 2001 in
1159 1985 1214 2001 uno
1234 1976 1263 2002 E

231 2020 349 2044 seutiam
368 2018 395 2044 Β
490 2019 539 2044 347
559 2026 655 2044 omues
675 2026 724 2044 (mi.
743 2019 760 2044 1
859 2019 909 2043 348
928 2026 980 2050 ego
991 2037 1116 2045 ........
1128 2019 1208 2044 uiuus
1226 2019 1260 2050 Β,

145 2069 198 2095 ego
217 2061 296 2088 uiuus
316 2061 364 2087 EI
484 2061 562 2087 senio
582 2060 611 2086 Ε
739 2062 789 2086 349
807 2064 890 2094 teque
909 2063 1038 2094 tuamque
1056 2060 1142 2086 filiam
1162 2069 1260 2094 meque

145 2105 196 2130 350
214 2103 315 2130 Postea
376 2104 423 2130 351
445 2104 548 2130 Perdat
566 2104 669 2129 uter-tio
688 2102 750 2135 BE,
770 2103 888 2130 Perdam
907 2106 934 2129 te
955 2103 1040 2130 tercio
1058 2104 1079 2130 I
1140 2105 1191 2130 354
1208 2103 1258 2130 ho-

145 2145 220 2172 dium
238 2146 259 2172 I
322 2147 372 2173 355
390 2147 490 2172 leniam
508 2147 529 2173 I
593 2147 643 2172 356
662 2155 756 2172 amaus
774 2145 821 2172 ΙΕ
890 2153 959 2180 opus
979 2148 1022 2172 est
