1561 2473
247 181 309 211 408
719 178 894 206 Menaechmi.

247 286 333 314 anap.
347 275 643 313 hypercatalecticus,
668 276 728 305 350
747 285 841 314 comp.
856 285 894 304 ex
910 276 1006 306 tribus
1023 277 1182 315 anapaestis
1200 278 1230 305 et
1252 275 1369 306 duobus

246 327 352 356 iambis
384 325 545 363 (348-50
568 326 618 355 Br.
643 330 673 356 et
695 326 746 365 Sp.
770 330 914 365 quattuor
936 337 1040 356 versus
1063 328 1184 364 faciunt,
1209 327 1368 356 dimetrum

246 377 349 413 iamb.‚
375 378 432 406 duo
456 377 600 406 dimetros
623 387 726 416 θυαμ,
757 377 826 406 dim.
850 378 964 414 iamb.).
1016 379 1074 408 351
1100 389 1157 408 sex·
1174 378 1281 414 iambi,
1307 379 1368 408 352

247 429 441 466 anapaesticus
474 430 648 457 tetrameter
681 429 876 466 catalecticus,
913 428 973 459 353
1009 429 1134 459 dimeter
1162 430 1369 468 auapaesticus,

249 480 308 509 354
333 478 500 508 trochaicus
524 482 714 517 tetrameter,
746 481 806 509 355
831 479 958 509 dimeter
981 490 1068 519 anap.
1093 481 1190 517 catal„
1223 480 1369 510 356—58

247 530 367 558 dimetri
389 531 569 568 anapaestici,
595 531 654 559 359
679 531 815 560 trimeter
837 533 1040 569 anapaesticus,
1067 532 1127 561 360
1151 541 1235 570 paeon
1258 534 1288 560 et
1309 540 1370 560 mo—

246 583 381 610 nometer
403 582 609 619 anapaesticus,
634 581 692 610 361
718 584 836 611 tetram.
861 586 1002 621 anapaest.

334 632 405 661 346.
438 629 496 670 sic,
527 636 561 661 ut
582 636 659 669 sunt,
687 636 825 671 apertas3
860 633 958 662 claudi
982 637 1066 662 vetat
1087 636 1122 662 ut
1143 634 1202 662 iam
1224 632 1369 662 reditura.

247 680 368 720 operire
390 683 496 712 ostium
521 687 566 712 est
589 684 735 721 claudere,
759 695 785 714 v.
812 686 883 714 536.
932 685 1053 714 Trucul.
1078 685 1154 714 383:
1181 683 1371 720 ,Concedite

246 734 314 763 hinc
336 744 391 764 uos
414 735 494 763 intro
516 737 606 773 etque
629 735 744 772 operite
767 732 906 765 ostium“.
959 736 1025 765 Ter.
1050 736 1159 765 Heaut.
1184 736 1261 765 906:
1295 735 1370 771 „Ubi

246 785 347 814 abiere
370 787 460 822 intro,
490 795 634 824 operuere
657 785 795 816 ostium.“
845 787 962 816 Phorm.
987 787 1057 816 816.
1096 786 1192 816 Tacit.
1216 787 1294 816 Anu.
1318 787 1370 816 ΙΙΙ.

250 838 302 865 15:
337 838 464 874 „operiri
487 837 566 866 fores
588 836 707 866 iussit“.
737 852 778 857 —
810 838 870 867 348
895 838 982 867 affert
1005 838 1090 867 Varr.
1116 837 1150 866 L.
1173 838 1207 866 L.
1233 837 1296 873 VH,
1323 838 1370 866 12.

246 885 320 917 uide
340 885 406 924 flat,
430 889 468 917 cf.
491 888 529 917 ad
551 889 659 926 Amph.
687 889 735 918 12.
760 904 802 909 —
826 891 896 918 350.
922 886 1096 925 Mzmditia,
1121 889 1157 918 cf.
1176 888 1285 918 Pseud.
1301 889 1369 917 172.

247 939 306 968 Cic.
331 939 368 968 ad
391 940 482 968 Attio.
506 939 564 976 IX,
590 941 644 976 10,
669 942 704 976 2,
733 941 784 970 ubi
813 940 924 970 scribo:
963 941 1059 977 „sicut
1091 942 1118 968 ἐν
1150 942 1205 972 τοῖς
1238 941 1372 978 ἐρωτικοῖς

247 991 381 1020 alienant
403 991 561 1020 immundae
585 994 684 1021 vestes
706 994 738 1020 et
767 989 947 1021 indecorae“.
977 1006 1015 1011 —
1048 991 1118 1020 351.
1152 987 1269 1021 malost
1290 990 1370 1020 Cam.

247 1042 419 1078 Amantem,
454 1043 568 1080 inquit,
603 1043 756 1072 amoeuitas
788 1043 847 1072 loci
877 1043 986 1078 allicit,
1020 1045 1055 1071 ut
1082 1042 1162 1080 apud
1185 1042 1372 1071 meretricem

246 1094 360 1123 versari
388 1093 476 1129 velit,
505 1093 587 1132 quod
615 1095 643 1123 ei
672 1094 844 1123 damnosum
869 1095 935 1124 erit.
961 1108 1002 1114 —
1025 1094 1096 1123 352.
1120 1100 1190 1122 esse
1212 1094 1271 1122 iam
1294 1093 1325 1121 in
1348 1092 1372 1121 B

247 1154 302 1173 em.
331 1159 374 1164 —
406 1141 527 1182 Atque,
564 1156 590 1174 v.
615 1145 652 1174 ad
675 1145 782 1184 Amph.
808 1146 879 1174 948.
909 1145 987 1174 infra
1016 1146 1086 1174 874.
1117 1145 1188 1174 884.
1225 1158 1263 1164 —
1300 1144 1370 1173 353.

243 1192 376 1232 prodest
397 1196 455 1225 iam
479 1197 509 1225 in
531 1196 555 1225 B
579 1206 634 1226 em.
669 1211 710 1216 —-
745 1197 816 1226 354.
851 1196 965 1226 Nonius
993 1207 1023 1235 p.
1053 1197 1130 1225 468:
1168 1191 1292 1232 „Meret
1318 1204 1373 1232 pro

247 1250 386 1275 meretur.
431 1247 556 1276 Plautus
579 1248 610 1276 in
633 1247 837 1277 Menaechmis:
873 1249 943 1276 item
967 1247 1014 1276 hic
1037 1248 1116 1276 ultro
1139 1245 1182 1283 fit,
1212 1248 1246 1275 ut
1268 1248 1372 1282 meret,

246 1298 420 1336 potissimus
442 1301 562 1327 nostrae
585 1299 665 1328 domi
689 1302 723 1328 ut
745 1298 815 1328 sit“.
867 1295 940 1327 hinc
963 1298 1059 1334 codd„
1083 1299 1101 1328 i.
1127 1308 1151 1327 e.
1176 1307 1193 1326 a
1217 1307 1277 1333 me;
1305 1296 1372 1327 edd.

247 1348 316 1377 inde
336 1359 353 1377 a
372 1359 417 1387 pr.
434 1348 552 1386 „huic“.
597 1346 686 1386 ultro,
711 1360 742 1379 se
760 1351 853 1388 ipsam
873 1359 992 1388 quoque
1014 1352 1121 1388 sponte
1143 1349 1192 1378 vel
1215 1358 1251 1378 ex
1274 1349 1372 1377 animo

247 1410 312 1428 eum
337 1410 436 1429 amare
459 1399 541 1436 dicit,
571 1401 606 1430 cf.
631 1401 721 1431 Most.
746 1403 817 1431 205.
848 1416 891 1420 —
918 1398 1126 1437 potissumus.
1170 1400 1221 1429 Br.
1246 1399 1370 1428 confert.

247 1451 314 1480 Ter.
339 1451 460 1480 Phorm.
486 1453 561 1481 533:
599 1452 687 1489 „Mea
710 1453 774 1490 lege
797 1455 880 1489 utar,
902 1455 936 1481 ut
959 1453 999 1480 sit
1020 1453 1130 1490 potior,
1154 1451 1205 1489 qui
1227 1451 1310 1489 prior
1333 1449 1371 1480 ad

248 1502 377 1531 dandum
400 1501 472 1532 sit“.
497 1517 536 1523 ——
562 1504 632 1533 355.
665 1504 721 1539 „ad
745 1514 810 1532 eum
834 1501 940 1532 adib0‘⁴
966 1503 1101 1541 postulat
1123 1502 1254 1540 Langen.
1277 1501 1370 1530 Beitr.

248 1564 277 1592 p.
304 1554 364 1583 102
388 1563 431 1592 sq.
463 1569 498 1574 —
530 1551 614 1584 ultro
637 1555 704 1585 edd.
731 1569 774 1575 -
808 1555 880 1585 356.
914 1552 960 1583 mi
982 1554 1048 1583 edd.
1083 1568 1125 1573 —-
1157 1550 1249 1589 mira,
1273 1553 1309 1582 cf.
1333 1552 1371 1582 ad

247 1605 355 1642 Amph.
381 1606 450 1634 279.
475 1621 516 1626 —
542 1607 612 1636 358.
636 1614 729 1644 quom
751 1606 797 1636 ed.
821 1617 866 1645 pr.
892 1620 929 1625 —
957 1605 1027 1634 359.
1048 1603 1230 1642 paratumst
1251 1603 1288 1633 ut
1307 1601 1372 1634 ius-

247 1653 323 1684 sisti
346 1655 426 1685 Cam.
459 1671 500 1676 —
531 1658 602 1686 360.
637 1655 727 1687 tibist
747 1654 810 1687 ulla
833 1665 921 1686 mora
945 1656 1025 1686 Cam.
1057 1671 1091 1676 —
1125 1656 1196 1685 361.
1229 1656 1372 1685 curatum

247 1706 294 1735 est
316 1707 362 1736 ed.
381 1718 427 1746 pr.
446 1723 489 1728 —
505 1705 559 1737 ube·
572 1732 578 1738 .
593 1732 600 1738 .
615 1731 621 1737 .
635 1705 809 1739 accubitum
827 1718 862 1737 ex
875 1708 1007 1737 Varrone
1025 1707 1113 1736 affert
1125 1707 1238 1736 Nonius
1255 1717 1284 1745 p.
1301 1707 1371 1736 106.

335 1759 394 1787 362
419 1769 482 1797 sqq.
508 1761 671 1798 septenarii
693 1760 845 1789 trochaici.
871 1775 908 1779 -
939 1759 1010 1789 362.
1037 1756 1127 1796 Quia,
1151 1767 1178 1787 ν.
1203 1757 1240 1786 ad
1263 1757 1371 1796 Amph.

248 1810 320 1839 ¹788.
345 1824 386 1830 —
412 1811 483 1839 364.
514 1818 613 1850 neque
634 1809 671 1840 id
692 1808 786 1847 haud,
811 1821 836 1840 v.
863 1811 900 1839 ad
925 1810 1031 1839 Bacch.
1059 1811 1106 1839 15.
1132 1823 1170 1829 -
1196 1810 1266 1838 365.
1289 1805 1373 1845 facis

248 1860 294 1889 ed.
318 1871 363 1899 pr.
393 1876 434 1881 —
465 1863 536 1891 368.
572 1860 693 1900 Dixin,
727 1873 754 1892 v.
781 1864 851 1892 256.
878 1863 936 1891 333
961 1871 1025 1899 sqq.
1061 1875 1098 1880 —
1133 1856 1228 1890 Folia
1255 1860 1301 1890 ed.
1326 1870 1371 1899 pr.

247 1911 443 1941 Proverbium
468 1913 504 1942 de
528 1915 629 1952 parvis
652 1913 854 1946 incommodis.
884 1922 949 1951 quae
972 1912 1110 1950 graviora
1133 1914 1270 1940 secutura
1292 1914 1370 1941 sunt.

247 1976 288 1981 —
303 1963 374 1992 369.
395 1963 517 2001 praeut,
542 1975 567 1994 v.
583 1965 620 1994 ad
634 1965 742 2003 Amph.
757 1966 827 1994 370.
841 1979 880 1984 —
901 1960 1039 1992 triduum
1062 1961 1126 1999 hoc,
1151 1963 1187 1992 cf.
1200 1962 1284 1992 Cure.
1300 1963 1371 1992 208.

248 2023 339 2052 supra
361 2015 398 2043 ad
423 2025 449 2044 v.
477 2017 545 2044 104.
583 2031 616 2035 —
657 2016 722 2045 tum
746 2017 854 2045 iniuria
877 2014 1039 2044 Ritschelio
1063 2017 1247 2052 suspectum,
1283 2024 1309 2043 v.
1334 2013 1372 2042 ad

248 2066 337 2096 Most.
364 2067 434 2096 658.
458 2081 499 2086 —
524 2068 594 2096 370.
618 2065 664 2096 ita
685 2065 762 2095 sunt
782 2071 837 2096 cet.
856 2067 892 2095 cf.
914 2067 982 2095 100.
1008 2080 1048 2084 —
1075 2061 1242 2101 „elecebrae
1263 2071 1371 2102 arqen-

248 2113 348 2147 tariae
371 2118 541 2147 meretrices
564 2118 601 2148 ab
624 2118 770 2147 eliciendo
794 2121 918 2156 argento
935 2116 1052 2153 dictae·⁴,
1076 2115 1251 2155 FestAEpit.
1269 2125 1298 2154 p.
1320 2116 1368 2145 76.
