1596 2478
320 163 358 191 34
839 161 928 187 Plauti
1204 162 1253 195 111,
1273 164 1297 194 2,
1316 164 1410 196 37-8,
1427 164 1444 189 6

319 254 409 292 Quae
433 264 466 285 se
490 256 633 293 emptam
657 253 798 291 simulet,
822 264 906 294 quae
930 265 1024 287 senes
1043 255 1106 287 duo
1126 255 1220 287 docte
1238 256 1442 295 ludificetur3

320 307 400 339 Eam
424 308 522 339 ducet
545 307 641 338 simul
666 307 847 348 Apoecides
871 307 912 339 ad
937 312 1028 340 tuum
1053 313 1188 351 patrem.

725 367 1028 408 Stratippocles

1243 422 1288 454 Ut
1311 423 1441 463 parate!

783 475 977 516 Epidicus

318 530 396 562 Eam
422 528 706 570 praemeditatam,
730 530 810 560 meis
835 529 917 560 dolis
941 529 1138 569 astutiisque
1163 533 1323 567 onustam,
1391 538 1442 563 375

318 584 455 614 Mittam*
503 582 567 613 Sed
591 582 688 613 nimis
711 582 843 622 longum
864 583 998 623 loquor:
1022 583 1077 614 diu
1099 593 1148 614 me
1168 584 1250 615 estis
1269 583 1439 615 demorati.

318 637 407 669 Haec
430 637 522 668 scitis
546 636 611 667 iam
635 639 671 667 ut
693 635 804 667 futura
827 637 907 674 sint;
931 636 1023 668 abeo.

725 695 1030 736 Stratippocles

1059 750 1146 781 Bene
1170 749 1348 781 ambulatu.

714 802 991 834 Chaeribulus

318 859 421 890 Nimis
445 858 562 890 doctus
586 857 640 889 ille
664 859 711 888 est
732 857 773 888 ad
797 857 882 888 male
906 857 1104 888 faciundum.

729 910 1031 951 Stratippocles

1121 964 1171 996 Me
1195 964 1327 1005 quidem
1350 969 1439 996 certo

317 1008 470 1040 Seruauit
492 1008 638 1039 consiliis
663 1008 739 1040 suis.

736 1066 1012 1099 Chaeribulus

770 1120 933 1152 Abeamus
956 1122 1042 1153 intro
1066 1121 1142 1152 hinc
1165 1120 1206 1152 ad
1230 1132 1289 1152 me.

719 1185 1031 1227 Stratippocles

316 1241 421 1282 Atque
441 1240 610 1281 aliquanto
629 1240 805 1277 lubentius,
828 1250 923 1281 quam
944 1240 1003 1271 abs
1022 1244 1053 1271 te
1073 1251 1142 1271 sum
1163 1250 1313 1280 egressus
1333 1241 1436 1276 intus;

317 1294 444 1326 Uirtute
468 1298 567 1335 atque
591 1295 739 1335 auspicio
764 1293 891 1334 Epidici
915 1304 988 1325 cum
1009 1294 1132 1334 praeda
1151 1295 1181 1325 iu
1201 1297 1311 1325 castra
1329 1293 1436 1324 redeo.

435 1472 702 1504 PERIPHANES
748 1472 995 1512 APOECIDES,
1041 1472 1174 1504 SENES
1219 1472 1315 1504 DUO.

748 1560 998 1601 Periphanes

312 1614 382 1646 Non
407 1614 472 1646 oris
497 1625 598 1646 causa
621 1615 717 1646 modo
742 1615 887 1646 homines
911 1625 1049 1654 aequom
1074 1614 1136 1645 suit

312 1668 379 1699 Sibi
405 1667 525 1699 habere
550 1669 730 1709 speculum,
754 1668 809 1700 ubi
833 1679 869 1700 os
893 1668 1155 1708 contemplarent
1177 1678 1287 1706 suum;

311 1721 374 1753 Sed
399 1722 455 1761 qui
479 1723 663 1762 perspicere
689 1726 821 1763 possent
845 1721 914 1762 [cor
938 1722 1135 1762 sapientiam

309 1775 413 1815 Igitur
437 1776 622 1815 perspicere
646 1780 681 1806 ut
705 1774 844 1816 possint]
868 1775 974 1806 cordis
999 1776 1136 1816 copiam.
1381 1783 1432 1808 385

312 1828 373 1860 Ubi
397 1828 429 1859 id
453 1829 682 1869 inspexissent,
706 1830 888 1870 cogitarent
912 1833 1033 1869 postea,

312 1882 420 1913 Uitam
444 1886 479 1914 ut
502 1883 662 1914 uixissent
685 1883 761 1914 olim
785 1883 817 1914 in
841 1883 1074 1914 adulescentia.

376 2009 426 2034 375
444 2009 661 2043 pei-meditatam
731 2011 782 2036 878
800 2013 842 2036 est
861 2017 910 2036 om.
981 2012 1038 2036 met

572 2052 663 2079 Titulo
682 2051 708 2078 B
727 2052 817 2078 addit:
844 2051 985 2078 MULIER
1005 2051 1172 2078 FIDICINA

307 2095 357 2121 382
375 2102 420 2120 mo
440 2094 560 2120 hominis
629 2096 679 2121 883
699 2094 904 2129 contemplnret
975 2095 1025 2121 334
1044 2094 1098 2121 Sed
1117 2094 1145 2120 id
1164 2093 1210 2128 qui
