1596 2478
135 768 323 814 Mostellaria
353 786 450 814 fabula
481 789 540 821 est,
575 796 632 822 qua
662 786 697 814 de
727 788 866 814 monstris
889 788 988 822 agitur
1011 789 1072 815 sive
1096 788 1251 820 mostellis.

134 848 310 876 quamquam
339 838 522 865 deminutiva
551 838 674 866 nominis
704 838 797 865 forma
827 838 874 866 vix
906 838 977 865 alibi
1007 839 1168 875 reperitur3
1203 840 1252 874 (de

136 901 153 918 n
177 894 244 918 ante
267 900 280 916 s
304 894 424 917 extruso
448 889 506 917 vid.
527 889 660 923 Corssen‚
685 889 870 926 Aussprache
888 890 938 917 des
959 889 1022 917 Lat.
1042 889 1055 917 I
1074 900 1102 927 p.
1123 891 1160 917 97
1183 889 1251 926 sq.).

133 941 276 970 Monstris
299 941 375 968 enim
399 940 521 969 obiectis
544 940 590 968 vel
614 941 712 977 potius
738 941 866 968 narratis
890 941 1014 969 callidus
1032 951 1134 969 servus
1153 951 1252 969 senem

133 992 374 1030 superstitiosum
398 992 434 1020 ab
458 991 569 1020 aedibus
593 991 698 1028 abigit,
724 1002 759 1019 ne
783 991 979 1020 adulescentis
1003 991 1066 1019 heri
1089 993 1252 1029 nequitiam

133 1043 361 1072 animadvertat.

217 1094 441 1132 Theopropides
460 1104 548 1122 senex
566 1095 753 1123 Atheniensis
772 1095 959 1131 negotiorum
980 1105 1068 1123 causa
1091 1096 1251 1124 triennium

134 1146 220 1174 domo
245 1145 349 1173 abfuit.
396 1146 517 1174 Interim
536 1146 722 1174 Philolaches
742 1147 820 1175 filius
844 1146 1014 1174 adulescens
1038 1156 1136 1175 amore
1161 1157 1251 1175 mere-

134 1197 215 1225 tricis
239 1199 341 1234 captus
366 1198 526 1226 amicorum
550 1199 686 1236 exemplo
705 1202 734 1226 et
751 1208 836 1226 servo
856 1208 981 1235 nequam
1000 1198 1138 1227 hortante
1157 1202 1251 1227 totum

134 1248 250 1276 libidini
284 1251 312 1276 et
341 1248 466 1277 luxuriae
494 1259 524 1277 se
553 1249 648 1284 dedit,
685 1252 714 1277 et
741 1259 831 1286 quum
860 1249 1016 1286 absumpta
1046 1260 1076 1278 re
1111 1250 1252 1278 familiari

134 1300 259 1337 pecunia
286 1310 343 1327 non
373 1303 562 1338 suppeteret,
599 1301 681 1336 gravi
712 1301 821 1328 faenore
852 1301 977 1337 primum
1010 1302 1134 1337 triginta
1159 1302 1252 1329 minas

135 1352 261 1389 accepit,
297 1352 403 1388 quibus
432 1352 555 1380 amicam
585 1363 601 1380 a
629 1352 735 1380 lenone
771 1352 944 1387 redimeret,
980 1353 1087 1380 deinde
1117 1354 1145 1380 in
1177 1353 1252 1380 alios

133 1406 267 1440 sumptus
301 1403 400 1431 decem
433 1404 536 1432 minas.
594 1403 705 1438 Quibus
739 1406 919 1441 comparatis
954 1414 1042 1441 quum
1078 1405 1107 1432 in
1141 1404 1251 1433 aedibus

134 1455 266 1492 paternis
289 1459 494 1492 sumptuosum
519 1455 685 1482 convivium
710 1455 887 1489 institueret,
913 1466 1002 1483 senex
1026 1456 1119 1484 redux
1142 1466 1176 1483 ex
1200 1456 1250 1483 iin-

133 1507 254 1542 proviso
272 1507 453 1543 supervenit.
499 1506 590 1540 Quem
608 1506 658 1533 ubi
678 1507 707 1534 in
725 1510 815 1542 portu
833 1508 994 1543 conspexit,
1019 1507 1129 1535 Tranio
1149 1517 1252 1535 servus

133 1556 238 1584 callido
267 1557 390 1585 consilio
419 1557 637 1585 adulescentem
660 1568 779 1585 servare
804 1562 936 1586 conatur.
993 1558 1085 1586 AEdes
1113 1562 1176 1586 arte
1205 1569 1252 1586 oc-

133 1608 228 1636 clusas
251 1609 312 1636 seni
343 1608 513 1645 persuadet,
544 1609 614 1646 quia
643 1612 828 1636 mortuorum
860 1610 998 1638 monstris
1030 1610 1250 1645 infestarentur,

132 1659 168 1687 ab
191 1659 378 1688 adulescente
407 1660 524 1688 domino
552 1659 668 1697 pridem
697 1661 814 1688 relictas
837 1671 918 1695 esse,
954 1671 1007 1689 nec
1041 1662 1103 1689 sine
1137 1671 1250 1690 summo

132 1711 264 1748 periculo
297 1711 372 1739 adiri
406 1721 500 1749 posse.
564 1711 670 1740 Verum
711 1714 883 1749 supervenit
917 1713 1075 1741 faenerator
1108 1714 1249 1749 pecuniae,

132 1772 219 1799 quam
243 1763 439 1791 Philolacheti
468 1763 722 1798 commodaverat,
754 1773 857 1792 usuras
886 1773 1019 1800 poscens.
1087 1764 1177 1792 Cuius
1209 1767 1251 1793 rei

132 1823 222 1850 quum
246 1824 334 1842 senex
357 1815 501 1843 rationem
526 1815 641 1852 qnaerit,
665 1814 773 1842 Tranio
797 1816 822 1842 ei
847 1818 955 1851 narrat,
981 1815 1073 1843 filium
1097 1817 1159 1844 eius
1178 1816 1250 1844 alias

133 1864 209 1893 aedes
238 1865 294 1894 sibi
325 1866 430 1893 emisse
459 1868 489 1893 et
517 1866 689 1894 arrhabonis
718 1866 808 1894 dandi
840 1876 928 1894 causa
958 1871 1113 1903 argentum
1136 1867 1210 1895 illud
1234 1879 1250 1895 a

133 1916 306 1944 faeueratore
340 1918 514 1955 sumpsisse,
549 1918 805 1954 interrogantique
840 1919 918 1951 seni,
952 1918 1073 1947 ubinam
1104 1920 1163 1947 sint
1192 1920 1250 1947 illae

133 1968 223 2001 aede8‚
257 1968 344 1996 vicini
374 1968 501 1997 Simonis
530 1968 649 1997 domum
679 1968 797 1997 iudicat.
854 1969 1077 2007 Theopropides
1106 1972 1182 2000 aedes
1204 1972 1247 1999 in-

132 2019 244 2056 spicere
268 2020 359 2057 cupit,
384 2025 413 2048 et
431 2020 542 2048 Tranio
565 2024 720 2058 postquam
741 2020 852 2048 Simoni
877 2022 1018 2051 narravit.
1042 2032 1140 2050 senem
1165 2033 1249 2050 suum

133 2079 225 2098 novas
249 2070 325 2099 aedes
345 2072 381 2099 ad
400 2071 480 2099 illius
498 2072 647 2109 exemplar
667 2072 811 2100 aedificare
831 2072 916 2105 velle,
940 2073 1115 2111 inspiciendi
1135 2076 1250 2102 veniam

133 2122 279 2159 impetrat.
336 2122 396 2150 Iam
430 2123 552 2151 ridicule
587 2124 744 2152 admodum
780 2123 828 2151 ille
863 2124 972 2152 alienus
1002 2125 1077 2153 aedes
1106 2135 1160 2163 pro
1187 2126 1248 2154 suis
