1596 2478
138 153 173 184 ΙΙ,
192 154 215 186 2,
235 153 334 179 45-59
607 150 785 176 Mostellaria.
1209 151 1248 180 99

614 244 764 275 Tranio

138 302 258 338 Scelus,
283 301 423 341 inquam,
448 299 567 330 factum
593 301 643 329 est
667 299 729 329 iam
756 297 810 328 (liu
835 297 1001 338 antiquom
1026 300 1058 328 et
1082 300 1186 327 uetus.

552 368 841 408 Theopropides

142 415 338 455 Antiquom?

626 472 770 503 Tranio

385 527 419 558 Id
445 526 527 558 adeo
551 536 607 557 nos
631 536 716 557 nunc
739 526 860 556 factum
884 525 1075 556 inuenimus.

545 596 848 637 Theopropides

139 654 221 692 Quid
247 654 330 684 istuc
354 657 403 683 est
426 652 556 683 sceleris
579 655 637 682 aut
660 651 733 691 quis
758 650 790 681 id
815 650 912 681 fecit?
937 649 1025 681 cedo.

621 722 768 753 Tranio

142 779 268 820 Hospes
293 779 422 810 necauit
445 777 606 818 hospitem
632 780 764 817 captum
788 787 895 808 manu.

141 834 216 868 Iste.
240 837 276 865 ut
299 844 358 873 ego
382 832 505 872 opinor,
530 832 585 872 qui
610 831 668 862 has
691 831 751 862 tibi
774 831 864 862 aedis
887 830 1045 861 uendidit.
1204 838 1255 862 470

547 901 852 943 Theopropides

141 947 302 979 Necauit‘?

626 1004 771 1036 Tranio

345 1062 531 1101 Aurumque
555 1060 584 1090 ei
609 1059 732 1091 ademit
754 1059 886 1100 hospiti,

143 1116 288 1157 Eumque
313 1115 365 1146 hic
388 1114 512 1146 defodit
535 1114 694 1155 hospitem
719 1113 839 1145 ibidem
864 1113 895 1143 iu
919 1111 1064 1144 aedibus.

550 1184 859 1226 Theopropides

145 1241 351 1282 Quapropter
373 1240 406 1271 id
430 1250 488 1271 uos
511 1239 632 1271 factum
656 1238 891 1280 suspicamini?

628 1310 774 1342 Tranio

148 1366 216 1406 Ego
239 1367 362 1404 dicam;
385 1366 543 1397 ausculta.
590 1364 633 1396 Ut
655 1364 734 1396 foris
759 1367 934 1396 censuerat
982 1377 986 1380 ·

148 1420 235 1451 'suus
259 1423 384 1459 gnatus,
408 1425 581 1460 postquam
604 1418 706 1451 rediit
729 1429 748 1450 a
771 1429 851 1449 cena
874 1418 1013 1455 domum,
1210 1426 1260 1450 475

149 1475 280 1505 Abimus
303 1484 412 1505 omnes
436 1473 590 1508 cubitum,
616 1473 900 1504 condormiuimus.

148 1528 328 1559 Lucernam
351 1528 435 1559 sorte
459 1527 580 1558 oblitus
604 1526 729 1558 fueram
755 1527 971 1566 exstinguere,

148 1583 252 1622 Atque
276 1582 330 1613 ille
354 1582 514 1613 exclamat
537 1581 712 1621 derepente
739 1591 932 1611 maxumum.

555 1652 862 1692 Theopropides

150 1708 228 1745 Quis
253 1708 370 1739 homo?
393 1718 434 1738 an
457 1711 576 1747 gnatus
599 1708 710 1738 meus?

633 1778 780 1809 Tranio

751 1831 796 1869 St,
818 1835 904 1870 tace3
928 1831 1078 1863 ausculta
1101 1832 1206 1863 niodo.

151 1889 204 1919 Ait
226 1888 355 1919 uenisse
379 1887 470 1918 illum
493 1888 524 1918 in
551 1887 671 1918 somnis
696 1886 738 1917 ad
762 1896 795 1917 se
820 1889 991 1918 mortuum.
1214 1895 1265 1920 480

219 2007 269 2032 467
288 2006 380 2033 'raet
389 2006 443 2033 TR.
455 2014 504 2033 om.
554 2007 604 2033 468
623 2006 738 2032 sceleste
791 2006 840 2031 459
860 2006 974 2038 negauit
1025 2006 1076 2030 470
1094 2005 1212 2038 oppinor

152 2049 300 2078 astib..B,
320 2049 445 2075 hastibus
466 2049 488 2075 0
543 2050 591 2075 471
612 2049 725 2075 Cecauit
746 2048 768 2075 Ο
822 2051 849 2073 et
907 2049 957 2073 472
977 2056 1010 2073 en
1031 2047 1053 2074 C
1109 2048 1160 2074 474
1178 2053 1225 2073 aut
1246 2048 1268 2073 C

152 2093 202 2118 475
220 2093 294 2118 redit
362 2093 412 2117 476
430 2093 557 2124 gubitum
627 2092 676 2117 479
696 2092 788 2117 Sitace
860 2092 909 2116 480
927 2091 1024 2116 adesse
1045 2090 1067 2116 0

1030 2144 1064 2171 7*
