1596 2478
143 171 190 203 IV,
213 173 232 203 Ι,
252 173 354 198 31—42
632 172 775 205 Epidicus.
1228 174 1267 202 47

606 265 801 306 Philippa

448 318 548 350 Salua
571 329 652 356 sum,
677 320 755 359 quia
778 324 810 351 te
834 330 906 351 esse
930 319 1057 350 saluom
1081 319 1198 350 sentio.
1219 327 1269 352 556

578 386 827 427 Periphanes

143 429 230 461 Cedo
254 440 394 461 manum.

606 482 798 523 Philippa

376 536 504 577 Accipe.
552 536 785 568 Aerumnosam
811 540 844 568 et
868 538 1070 568 miseriarum
1096 541 1267 578 conpotem

142 591 309 622 Mulierem
334 591 462 622 retines.

574 644 828 686 Periphanes

506 698 590 736 Quid
616 702 676 737 est,
700 699 786 740 quod
812 699 921 730 uoltus
943 700 1114 731 turbatust
1136 701 1236 731 tuus?

604 767 798 808 Philippa

144 821 272 859 Filiam,
296 831 394 861 quam
418 833 457 853 ex
481 825 513 852 te
536 822 671 862 suscepi,

581 881 832 922 Periphanes

693 934 778 972 Quid
803 936 897 967 eam?

610 994 800 1036 Philippa

939 1050 1102 1082 Eductam
1125 1051 1269 1091 perdidi3

144 1091 296 1123 Hostium
320 1095 370 1123 est
394 1093 508 1133 potita.

574 1151 830 1193 Periphanes

388 1205 480 1237 Habe
504 1206 647 1237 animum
670 1206 775 1238 lenem
800 1209 833 1237 et
856 1206 1085 1247 tranquilluin;
1111 1210 1198 1245 tace;
1219 1216 1269 1241 560

145 1259 237 1290 Domi
262 1270 352 1290 meae
376 1269 486 1291 eccam
505 1260 630 1291 saluam
649 1264 682 1292 et
700 1271 823 1292 sanam.
859 1261 942 1292 Nam
961 1264 1135 1301 postquam
1155 1261 1269 1292 audiui

861 1314 936 1346 ilico

143 1367 192 1398 Ex
216 1377 286 1399 meo
311 1378 408 1399 seruo
431 1368 520 1399 illam
547 1378 617 1400 esse
641 1371 783 1409 captam,
806 1370 961 1400 continuo
985 1372 1157 1409 argentum
1181 1368 1267 1405 dedi,

144 1420 186 1452 Ut
209 1425 386 1460 emeretur3
410 1422 466 1453 ille
490 1433 561 1453 eam
584 1433 652 1454 rem
677 1422 759 1453 adeo
783 1422 891 1453 sobrie
916 1426 948 1454 et
972 1422 1144 1462 frugaliter

143 1475 335 1513 Adcurauit,
360 1479 397 1507 ut
419 1476 450 1507 is
472 1476 514 1507 ad
538 1476 621 1508 alias
645 1487 697 1508 res
720 1480 769 1508 est
792 1477 925 1517 inpense
949 1477 1116 1517 inprobus.

611 1536 803 1577 Philippa

145 1589 210 1620 Fae
233 1590 374 1628 uideam,
398 1591 424 1621 si
448 1601 499 1622 me
522 1591 574 1622 uis
598 1589 730 1629 saluam,
753 1589 884 1622 obsecro.

581 1650 830 1691 Periphanes

806 1705 888 1742 Eho,
912 1705 1010 1736 istinc
1033 1704 1202 1736 Canthara
1220 1713 1270 1738 565

144 1757 222 1790 Iube
246 1758 443 1790 Telestidem
468 1758 533 1790 huc
556 1758 687 1799 prodire
711 1758 809 1790 filiam
834 1762 910 1790 ante
934 1759 1026 1790 aedis
1052 1769 1165 1790 meam.

146 1811 189 1843 Ut
212 1822 304 1843 suam
329 1811 442 1843 uideat
465 1814 612 1842 matrem.

606 1872 800 1914 Philippa

575 1926 743 1966 Remigrat
766 1928 894 1958 animus
918 1937 1002 1958 nunc
1026 1926 1155 1958 demum
1178 1926 1267 1958 mihi⁴

211 2027 262 2052 558
281 2026 355 2060 quod
374 2027 428 2053 duo
448 2029 504 2054 itus
523 2031 552 2054 te
570 2028 667 2054 turbat
686 2030 750 2054 tuns
843 2030 893 2054 560
912 2028 970 2054 sace
1058 2029 1108 2055 562
1127 2030 1267 2062 captiuam

144 2069 194 2095 564
213 2072 243 2095 ut
262 2070 329 2095 alias
349 2069 377 2095 B
471 2071 522 2096 565
541 2070 656 2103 saluam,
675 2071 792 2097 obsecro
812 2079 863 2097 om.
962 2073 1012 2097 566
1031 2072 1270 2105 Acropolistidem

212 2112 266 2138 huc
285 2120 335 2139 om.
355 2112 382 2138 B
