1596 2478
191 180 228 212 11,
250 182 270 210 1.
293 181 382 211 13—2,
404 181 429 204 ll
697 178 804 205 Casina.
1274 182 1310 209 13

234 274 327 306 Nunc
351 274 412 305 huc
437 284 525 305 meas
548 274 696 305 fortuuaa
719 284 757 304 eo
781 277 930 314 questum
956 273 996 304 ad
1021 273 1170 307 uicinam.

233 329 295 361 Sed
321 328 399 359 foris
422 329 619 368 concrepuit,
645 332 744 368 atque
769 329 841 368 ipsa
864 337 972 358 eccam
997 328 1178 366 egreditur3

395 381 466 413 Non
492 381 546 422 pol
571 392 628 422 per
651 386 778 422 tempus
803 382 864 413 iter
887 381 948 412 hoc
972 380 1049 412 mihi
1073 381 1190 421 incepi.
1265 389 1314 415 160

190 560 466 593 CLEOSTRATA
485 560 658 592 MULIER.
706 560 932 592 MYRRHINA
950 560 1118 592 ALTERA
1144 561 1312 594 MULIER

598 704 601 705 ⁷
647 663 850 704 Myrrhina

318 718 505 760 Sequimini.
531 719 675 750 comites.
699 718 732 749 in
756 728 948 758 proxumum
975 729 1023 749 me
1049 718 1119 749 huc.

192 773 280 804 Heus
305 783 379 810 uos;
403 773 512 813 ecquis
536 772 625 806 haec.
653 783 738 813 quae
761 772 886 813 loquor.
917 772 1033 803 audit?
1081 772 1147 812 Ego
1173 772 1223 804 hic
1247 783 1312 806 ero.

748 827 799 857 uir
822 827 849 857 si
872 830 929 857 aut
953 827 1114 867 quispiam
1140 831 1284 868 quaeret.

277 881 358 912 Nam
382 880 436 912 ubi
461 880 547 911 domi
572 880 642 911 sola
665 891 745 915 sum,
770 891 867 920 sopor
891 891 1004 912 manus
1028 880 1177 912 caluitur.

319 935 422 966 Iussin
448 935 554 965 colum
579 935 655 966 ferri
681 934 780 966 mihi‘?

633 1023 871 1055 Cleostrata

191 1078 358 1120 Myrrhina
381 1077 479 1109 salue.

649 1143 856 1183 Myrrhina

274 1198 370 1229 Salue
396 1202 566 1229 mecastor.
613 1197 675 1229 Sed
701 1198 778 1239 quid
803 1201 838 1229 ‘cu
864 1208 898 1228 es
922 1198 1036 1234 tristis,
1060 1198 1200 1229 amabo?
1266 1207 1312 1232 165

632 1285 872 1318 Cleostrata

277 1341 328 1372 lta
351 1341 456 1372 solent
480 1351 600 1374 omnes,
623 1351 706 1381 quae
730 1346 806 1372 sunt
830 1340 913 1371 male
937 1345 1067 1381 nuptae.

278 1395 370 1426 Domi
393 1399 426 1425 et
452 1395 528 1425 foris
551 1405 648 1435 aegre
672 1394 759 1434 quod
784 1395 835 1428 sit,
861 1395 942 1426 satis
967 1405 1094 1435 semper
1117 1401 1176 1426 est.

277 1449 357 1480 Nam
383 1459 442 1489 ego
466 1449 552 1480 ibam
576 1449 616 1480 ad
640 1452 681 1480 te.

648 1537 851 1578 Myrrhina

719 1591 760 1623 Et
784 1593 837 1633 pol
861 1603 919 1633 ego
944 1593 1027 1624 istuc
1050 1593 1093 1624 ad
1117 1597 1158 1624 te.

278 1647 339 1678 Sed
365 1646 443 1687 quid
467 1650 530 1683 est,
553 1646 641 1686 quod
665 1652 722 1677 tuo
746 1657 831 1678 nunc
855 1648 962 1678 animo
987 1657 1082 1687 aegre
1107 1648 1179 1678 est?

277 1700 359 1732 Nam
383 1700 470 1740 quod
494 1699 553 1731 tibi
578 1707 628 1731 est
651 1711 757 1741 aegre,
781 1701 866 1733 idem
891 1701 968 1732 mihi
993 1705 1043 1733 est
1066 1701 1220 1733 diuidiae.
1266 1711 1314 1736 170

282 1828 329 1853 158
347 1828 411 1853 hine.
431 1827 505 1854 BOE
566 1828 672 1854 uicinas
691 1828 766 1854 BIE
835 1830 882 1855 159
901 1838 933 1854 ea
952 1830 1012 1862 ipsa
1030 1829 1103 1855 BIE
1171 1829 1314 1862 egreditur

194 1872 266 1897 foras
285 1870 359 1896 BIE
430 1872 478 1896 160
495 1870 542 1903 pol
561 1878 610 1896 om.
630 1872 655 1897 A
726 1871 779 1897 hoc
799 1880 841 1897 om
869 1871 943 1898 BIE

279 1912 373 1939 CLEO
393 1913 538 1940 MULIER
556 1913 604 1939 ET
623 1914 740 1939 EIDEM
762 1914 928 1941 MYRRINA
946 1914 1003 1940 BE
1065 1916 1109 1940 161
1131 1915 1240 1940 comitis
1260 1914 1316 1941 BE

197 1958 243 1982 162
263 1957 334 1982 Heus
347 1977 366 1982 .,
382 1978 386 1982 .
400 1957 477 1982 audit
497 1957 664 1983 antecedenti
682 1965 761 1983 versu
841 1957 938 1990 loquar
957 1957 1031 1983 BIE
1104 1958 1149 1982 ibo
1170 1958 1194 1982 A
1266 1959 1314 1983 163

193 2000 312 2033 calpitur
321 1998 396 2025 BIE
459 2000 504 2024 164
524 1999 636 2025 lusinE
699 2000 768 2025 mihi
787 2001 878 2025 colum
899 2000 962 2025 fem
974 2001 991 2026 l
1050 2001 1096 2026 165
1115 2001 1240 2026 murrina
1251 1999 1313 2027 BE.

194 2042 308 2068 inirrina
327 2042 346 2068 I
421 2042 543 2074 Myrrina
561 2044 636 2068 same
655 2044 823 2069 antecedenti
843 2044 932 2069 versui
949 2044 1071 2069 adnectit
1089 2044 1113 2068 A
1198 2044 1279 2069 ambo
1298 2044 1314 2069 1

196 2086 242 2110 167
262 2093 325 2118 egre
344 2085 409 2118 quid
429 2086 497 2110 sanis
517 2085 546 2111 E
657 2087 704 2111 166
722 2086 768 2111 ibo
789 2086 822 2111 ad
843 2091 878 2112 te.
899 2086 934 2111 M.
954 2086 1052 2119 edepol
1073 2086 1100 2112 Ε
1210 2087 1257 2111 170
1275 2086 1314 2111 di-

194 2128 276 2153 uidue
296 2127 370 2154 BIE
