1596 2478
338 127 399 157 370
804 124 982 152 Mostellaria.

337 223 445 262 potuit,
469 233 496 251 v.
522 222 557 251 nd
582 222 686 261 Amph.
712 223 761 252 38.
788 238 823 242 -—
858 225 946 252 1031.
977 224 1095 252 Hiatum
1121 225 1149 252 in
1174 224 1288 254 diaeresi
1313 228 1346 254 ut
1369 227 1451 264 vitet,

337 275 472 303 Mueller.
497 274 578 302 Pros.
602 284 630 311 p.
657 275 715 303 564
740 275 890 303 licentius:
928 284 1005 312 „qun
1032 276 1122 303 mni-is
1151 286 1208 313 qua
1238 276 1390 308 feminas“.
1415 295 1451 299 —

342 327 429 355 1032.
455 322 648 361 maniplaris,
679 326 714 354 cs.
741 327 809 354 305.
842 326 897 345 —'
919 327 1006 355 1033.
1041 333 1263 363 σοιᾳμίϊοηαιη
1287 328 1381 365 (λιιι,
1417 331 1452 360 cf.

338 379 408 406 913.
436 392 471 396 —-
502 378 589 405 1034.
618 374 779 414 Quoniam,
806 378 822 405 i.
847 387 871 405 e.
896 380 1062 414 postquam,
1088 389 1112 406 v.
1139 378 1175 406 nd
1198 379 1280 408 Asin.
1307 381 1381 419 3475
1413 383 1454 411 sic

338 429 415 457 enim
439 428 523 457 codd.
549 425 600 465 (132
631 428 739 463 Quom,
776 428 810 456 C:
842 427 922 464 Qffi).
980 428 1104 464 Pylades
1134 431 1163 457 et
1186 428 1369 460 Camerarius
1393 433 1453 461 edi-

339 481 445 508 derunt
477 479 586 514 „Quem
617 478 736 517 quom“‚
772 480 805 508 R.
840 480 948 514 ..Quom
980 480 1075 508 cuni‘⁴.
1114 495 1148 499 —
1187 479 1275 516 idque
1311 484 1452 521 upodosin

339 532 450 569 incipit,
476 541 502 558 v.
523 531 557 558 nd
578 531 680 559 Bacch.
701 532 770 559 270.
790 546 826 549 —
853 539 890 559 (ἀ)
915 531 1025 559 senam
1049 532 1082 559 A.
1107 546 1148 551 —
1175 533 1252 561 1035
1278 535 1306 562 in
1331 534 1352 562 Β
1377 537 1454 564 exci-

339 583 398 618 dit3
433 582 454 610 C
477 585 545 620 post
573 592 703 610 rasuram
736 593 810 610 man.
835 591 890 610 sec.
919 582 1024 617 „uideo
1054 588 1186 611 uentrem
1217 584 1246 612 in
1271 595 1334 613 meo
1358 585 1453 624 f01·0“,

338 634 426 672 idque
450 634 475 662 D
499 637 669 671 ceterosque
694 633 776 662 codd.
802 634 917 662 invasit.
969 633 1065 670 Vulgo
1089 637 1155 671 post
1180 634 1317 672 Pyladem
1341 637 1454 668 editur:

340 686 415 722 „Ubi
451 687 567 722 egomet
602 685 689 713 uideo
724 686 801 713 uorti
838 695 897 713 rem
933 686 961 713 iu
995 695 1059 713 meo
1088 686 1184 721 soi-0⁴⁴,
1221 687 1250 714 iu
1286 689 1392 725 quibus
1427 693 1457 719 et

341 734 492 775 ‚‚egomet“
523 746 646 774 pravum
676 738 719 765 est
742 746 794 765 nec
818 737 932 774 reliqua
956 737 1082 774 intelligi
1106 741 1239 775 possunt.
1296 739 1456 771 Lambinus

339 788 457 827 quidem
481 789 522 817 sic
546 790 679 816 enarrat:
708 788 782 823 „Ubi
807 797 860 824 ego
885 788 969 816 video
993 788 1075 816 litem
1100 790 1128 817 in
1153 799 1217 818 meo
1241 790 1303 818 soro
1328 792 1384 829 agi,
1414 793 1456 822 ita

338 843 372 868 ut
394 850 452 868 non
475 840 584 877 possim
611 849 745 868 recusare
769 850 827 877 quo
851 841 946 868 miuus
970 840 1108 868 iudicium
1133 842 1275 879 accipiam
1300 845 1329 870 et
1348 845 1455 881 patiar,

338 894 400 920 tum
431 894 498 919 cett.
556 891 619 919 Hoc
655 901 688 919 eo
717 891 917 926 referendum,
952 892 1029 928 quod
1059 893 1122 920 iure
1150 892 1229 920 civili
1261 896 1343 922 extra
1371 904 1456 924 suum

338 943 432 971 forum
457 952 542 971 nemo
567 943 708 971 iudicium
732 944 866 980 accipere
891 943 1016 979 cogitur,
1040 943 1068 971 in
1092 953 1145 972 suo
1169 947 1266 973 autem
1286 944 1382 975 debet.
1418 946 1458 976 Et

339 997 420 1022 actor
438 995 490 1029 rei,
514 1004 572 1022 non
591 1004 657 1023 reus
676 995 785 1022 actoris
804 994 898 1022 forum
917 992 1081 1032 sequitur“.
1130 994 1237 1023 Verum
1257 996 1337 1024 aliud
1357 1000 1455 1027 tamen

339 1048 383 1074 est
409 1055 473 1081 „res
503 1047 532 1073 in
562 1055 624 1074 meo
652 1046 716 1074 foro
744 1044 860 1083 agitu1·“
898 1049 927 1074 et
966 1056 1049 1081 „mea
1078 1056 1124 1075 res
1148 1044 1277 1082 agitur‘³.
1336 1047 1456 1078 Rostius

339 1100 444 1126 contra
467 1097 573 1135 opusc.
596 1096 688 1126 plaut.
709 1097 720 1125 Ι
744 1108 772 1135 p.
797 1098 853 1125 137
881 1095 1027 1129 .,Iudicis“
1054 1099 1149 1135 inquit
1174 1098 1289 1131 „forum
1312 1101 1365 1135 est,
1389 1100 1458 1137 quia

339 1150 401 1187 ipse
425 1149 504 1177 solus
528 1149 567 1177 ibi
592 1152 710 1186 regnat,
740 1159 835 1186 neque
865 1149 960 1178 alieno
989 1149 1039 1177 sed
1063 1151 1125 1177 eius
1150 1150 1240 1188 ipsius
1264 1149 1388 1179 arbitrio
1411 1161 1458 1180 res

339 1199 484 1237 geritur“.
541 1200 630 1229 Putat
659 1201 751 1237 igitur
774 1201 950 1229 Tranionem
982 1201 1080 1229 dicere
1104 1211 1164 1229 rem
1188 1202 1245 1229 iam
1269 1203 1313 1230 sui
1339 1202 1457 1231 arbitrii

339 1262 416 1288 esse;
453 1262 511 1290 quo
541 1252 615 1280 nihil
644 1252 759 1289 longius
789 1252 871 1280 abest
900 1262 916 1280 a
947 1253 1094 1281 sententia
1118 1253 1193 1287 eius,
1229 1262 1295 1290 quae
1318 1253 1380 1281 haec
1404 1256 1457 1291 est,

339 1304 479 1341 quoniam
512 1303 567 1332 sibi
602 1303 767 1341 periculum
797 1303 949 1332 imminere
980 1303 1092 1338 videat,
1128 1303 1184 1332 sibi
1214 1304 1339 1342 amplius
1369 1305 1457 1334 etiam

337 1354 516 1383 turbandum
542 1364 612 1383 esse.
659 1354 852 1383 Redeundum
877 1358 922 1383 est
945 1354 981 1383 ad
1003 1355 1172 1393 primariam
1196 1355 1304 1384 codicis
1325 1355 1346 1384 C
1365 1357 1457 1394 scrip-

338 1408 443 1435 turam.
490 1406 558 1434 llaec
581 1405 743 1434 Ritschelio
762 1405 919 1434 videbatur
939 1406 1040 1435 fuisse:
1069 1407 1116 1441 „in
1136 1416 1198 1435 mea
1216 1406 1316 1442 fore“;
1340 1407 1376 1436 de
1398 1417 1457 1445 quo

338 1467 427 1495 quum
452 1457 633 1492 dubitarem,
663 1457 802 1486 Gertzius
831 1461 861 1486 et
882 1457 1101 1486 Studemundus
1131 1459 1264 1496 inspecto
1287 1458 1387 1487 codice
1413 1469 1458 1487 me

339 1509 502 1537 docuerunt
531 1508 566 1537 ab
597 1509 682 1537 initio
707 1509 849 1548 scriptum
873 1510 977 1538 fuisse:
1013 1507 1047 1537 in
1071 1506 1171 1538 medio
1193 1506 1268 1545 fore.
1327 1510 1389 1538 Hoc
1413 1520 1456 1538 re-

338 1563 420 1588 tento
443 1570 497 1598 pro
522 1562 661 1597 corrupto
687 1559 869 1595 „ue11trem“‚
899 1561 1003 1599 scripsi
1032 1558 1224 1597 deprensum.
1278 1561 1345 1590 Iure
1374 1571 1404 1590 se
1427 1562 1457 1590 in

338 1611 435 1640 medio
460 1611 637 1649 deprensum
662 1612 733 1640 dicit
752 1611 871 1647 Tranio,
896 1622 982 1650 quem
1006 1615 1036 1640 et
1059 1622 1146 1641 senex
1170 1615 1199 1641 et
1217 1612 1295 1641 filius
1314 1612 1456 1641 malorum

339 1663 468 1691 omnium
492 1665 640 1691 auctorem
666 1663 774 1692 dicant.
800 1678 840 1682 —
864 1663 1013 1701 quantum
1030 1662 1141 1700 potest,
1166 1673 1192 1692 V.
1209 1665 1279 1692 743.
1300 1679 1339 1683 -
1366 1664 1456 1693 1036.

338 1711 396 1743 alii
418 1711 530 1751 quibus
553 1714 665 1742 Camer.
691 1724 744 1742 em.
769 1729 809 1733 -
842 1716 931 1744 1037.
961 1712 1062 1752 possit
1085 1715 1171 1743 idem.
1200 1730 1235 1734 —
1271 1716 1360 1744 1038.
1385 1712 1458 1744 haec

338 1775 373 1792 ex
402 1766 535 1802 vestigiis
566 1766 590 1793 A
619 1765 686 1794 add.
711 1765 842 1794 Studem.
867 1765 983 1803 Festgr.
1007 1777 1035 1805 p.
1061 1768 1110 1795 67.
1146 1782 1185 1786 —
1220 1766 1292 1795 Post
1320 1766 1348 1795 h.
1373 1777 1400 1795 v.
1427 1767 1456 1794 in

339 1816 421 1844 codd.
448 1816 520 1845 Pnll.
545 1817 718 1846 exciderunt
742 1827 843 1846 versus
867 1817 1002 1855 quidam,
1032 1819 1081 1855 qui
1106 1819 1135 1847 in
1159 1819 1184 1846 A
1207 1818 1340 1853 suerunt,
1367 1820 1400 1846 ut
1422 1817 1456 1846 R.

338 1868 478 1905 putabat,
507 1871 620 1906 septem
644 1878 780 1904 numero,
812 1871 845 1897 ut
869 1869 1064 1898 Studemund.
1090 1869 1203 1907 Festgr.
1228 1879 1256 1907 p.
1282 1870 1320 1898 66
1345 1869 1455 1905 docuit,

338 1919 484 1956 quinque,
515 1929 675 1958 eorumque
704 1921 839 1948 ultimum
873 1921 899 1948 ei
922 1921 1020 1957 legere
1043 1921 1175 1958 contigit.
1226 1916 1457 1957 praeoccupabo

338 1969 469 1999 Studein.
494 1981 559 2007 em„
594 1981 672 1999 aram
698 1971 820 2006 scilicet,
856 1983 882 2000 v.
910 1973 999 2000 1074.
1065 1970 1101 2000 ut
1138 1981 1192 2010 pro
1225 1970 1290 2008 „et“
1323 1981 1387 2009 ego.
1418 1986 1454 1990 —-

339 2017 394 2049 Me
416 2029 527 2057 moror,
552 2022 756 2051 c1'.(.¹ist.525.
782 2023 859 2051 Men.
880 2024 948 2052 157.
973 2023 1063 2052 Mei-c.
1078 2024 1149 2052 460.
1163 2024 1233 2052 918.
1259 2023 1348 2051 Poen.
1367 2023 1455 2052 1292.
