1596 2478
597 206 779 232 Menaechmi.
1183 208 1220 237 16
1225 208 1242 237 3

126 298 168 330 Ut
191 299 275 330 hanc
297 309 363 330 rem
388 298 483 331 uobis
507 301 702 331 examussim
727 299 901 341 disputem.
1210 309 1244 333 50

124 352 156 385 Si
181 353 254 394 quis
279 353 356 394 quid
381 356 530 385 uostrum
556 353 773 393 Epidamnum
797 355 903 386 curari
927 354 990 386 sibi

126 406 220 441 Uelit.
245 407 402 438 audacter
425 408 574 448 inperato
599 411 631 438 et
655 407 763 441 dicito.

125 459 187 493 Sed
211 461 266 498 ita,
289 465 325 492 ut
349 461 414 499 det,
438 462 523 493 unde
547 463 651 493 curari
676 462 709 493 id
733 463 837 503 possit
860 462 932 501 sibi,

124 514 204 546 Nam
229 516 292 546 nisi
317 516 372 556 qui
395 519 566 555 argentum
591 515 727 553 dederit,
751 527 854 557 nugas
878 517 996 557 egerit;

125 568 186 607 Qui
210 569 346 607 dederit,
371 571 472 610 magis
495 571 635 601 maiores
658 581 761 610 nugas
785 571 896 610 egerit.
1211 579 1245 605 55

124 622 243 655 Uerum
266 623 344 655 illuc
366 623 474 661 redeo,
498 624 584 656 unde
608 624 683 662 abii,
710 628 810 666 atque
833 634 898 656 uno
923 624 1019 656 adsto
1043 625 1075 656 in
1099 624 1178 656 loco.

122 677 384 718 Epidamniensis
406 678 470 716 ille,
495 688 592 719 quem
616 678 739 710 dudum
763 678 918 716 dixeram,

123 730 294 763 Geminum
316 731 409 764 illum
434 743 570 772 puerum
594 733 650 773 qui
674 733 842 774 surrupuit
865 732 1005 765 alterum
1029 751 1070 755 —

123 786 161 817 Ei
185 786 371 825 liberorumy
395 787 458 818 nisi
482 786 626 825 diuitiae,
650 786 733 818 nihil
756 790 826 819 erat
849 805 889 809 —

123 840 267 881 Adoptat
289 840 379 872 illum
403 851 538 881 puerum
562 842 796 882 surrupticium
1211 851 1245 876 60

124 893 192 926 Sibi
217 894 327 933 filium,
353 895 447 936 eique
471 906 606 927 uxorem
631 895 778 927 dotatam
802 895 901 936 dedit,

122 948 269 989 Eumque
291 949 445 981 heredem
468 949 555 985 fecit,
580 960 679 991 quom
702 950 773 991 ipse
797 950 879 982 obiit
902 950 995 982 diem.

121 1002 204 1034 Nam
228 1014 283 1035 rus
307 1008 343 1035 ut
366 1003 436 1035 ibat
458 1003 551 1043 forte,
576 1007 613 1035 ut
636 1004 775 1035 multum
799 1004 938 1045 pluerat,

122 1057 271 1098 Ingresso
295 1057 430 1090 fluuium
453 1058 605 1099 rapidum
629 1058 670 1090 ab
694 1058 774 1090 urbe
798 1059 886 1090 haud
909 1059 1042 1100 longule

124 1112 270 1153 Rapidus
293 1113 419 1153 raptori
443 1113 537 1153 pueri
560 1112 718 1145 subduxit
740 1113 840 1154 pedes
1211 1122 1245 1147 65

122 1166 355 1207 Abstraxitque
379 1166 544 1198 hominem
566 1168 599 1199 in
623 1177 805 1200 maxumam
830 1167 950 1200 malam
973 1178 1110 1199 crucem.

124 1220 175 1252 Illi
199 1220 335 1252 diuitiae
360 1225 541 1253 euenerunt
563 1232 743 1254 maxumae.

125 1274 155 1306 Is
179 1275 246 1306 illic
269 1275 399 1307 habitat
421 1275 569 1316 geminus
593 1277 820 1317 surrupticius.

124 1328 216 1361 Nunc
239 1329 293 1360 ille
317 1331 473 1370 geminus7
498 1331 554 1371 qui
579 1330 747 1370 Syracusis
770 1330 880 1369 habet,

125 1384 229 1416 Hodie
253 1385 286 1416 in
308 1384 527 1425 Epidamnum
549 1385 640 1416 uenit
664 1395 737 1417 cum
761 1395 858 1417 seruo
882 1395 940 1416 suo
1211 1393 1246 1419 ’10

124 1437 220 1470 Hunc
243 1439 462 1478 quaeritatum
485 1440 647 1479 geminum
672 1449 862 1478 germanum
887 1450 990 1471 suum.

125 1492 215 1524 Haec
237 1493 314 1524 urbs
338 1492 539 1534 Epidamnus
563 1497 621 1532 est,
645 1494 720 1526 dum
745 1494 827 1526 haec
850 1494 958 1534 agitur
980 1493 1108 1533 fabula,

126 1545 262 1584 Quando
286 1547 352 1579 alia
375 1551 500 1589 agetur,
524 1547 614 1579 aliud
636 1547 693 1580 fiet
716 1548 881 1589 oppidum,

126 1600 218 1632 Sicut
240 1601 382 1633 familiae
407 1613 538 1643 quoque
562 1602 668 1634 solent
691 1604 860 1642 mutarier3

125 1655 221 1687 Modo
245 1655 298 1687 hic
320 1656 426 1695 agitat
448 1656 531 1695 leno,
556 1656 652 1688 modo
676 1657 880 1695 adulescens,
904 1656 1000 1688 modo
1026 1667 1136 1696 senex,
1212 1665 1246 1690 ‘75

126 1709 265 1751 Pauper,
290 1710 468 1750 mendicus,
492 1721 558 1749 rex,
582 1711 757 1751 parasitus,
781 1711 910 1743 ariolus.

193 1856 224 1880 51
245 1864 284 1889 sq.
304 1855 357 1881 sibi
376 1855 445 1881 uelit
460 1856 555 1888 priore
572 1862 652 1881 versu
666 1854 703 1888 B,
724 1863 774 1882 om.
791 1856 812 1882 0
869 1856 901 1882 53
921 1855 1046 1882 de.inde
1061 1854 1089 1881 Β
1149 1856 1181 1881 54
1199 1856 1245 1889 qui

127 1906 183 1924 non
203 1902 349 1931 argentum
419 1899 509 1931 migas
530 1898 552 1925 C
618 1898 650 1924 55
669 1897 737 1924 Nam
757 1899 810 1924 nisi
829 1898 876 1932 qui
951 1899 984 1924 56
1002 1898 1144 1924 redeunde
1214 1900 1246 1925 57

128 1940 379 1974 EpidanniensisB
431 1942 464 1966 58
483 1941 598 1967 alteram
651 1942 684 1967 59
702 1941 814 1967 diuiliae
868 1943 901 1968 62
920 1950 1001 1975 quam
1055 1942 1088 1967 64
1102 1941 1246 1975 Ingressus

195 1984 294 2018 rapidu
313 1984 401 2010 burbe
422 1983 445 2010 C
508 1985 542 2009 65
559 1983 627 2009 fides
700 1984 734 2009 66
752 1984 853 2010 malam
871 1987 976 2010 matam
995 1993 1104 2010 erucem
1124 1984 1146 2011 C
1213 1985 1246 2010 67

129 2025 172 2051 Illi
191 2034 239 2052 om.
260 2026 282 2052 C
365 2027 399 2052 68
417 2026 507 2052 Istilic
603 2026 732 2052 habitant
751 2026 772 2052 0
859 2028 892 2054 69
911 2027 1055 2053 siracussis
1144 2029 1178 2053 70
1197 2036 1246 2053 suo

128 2076 208 2094 seruo
228 2068 254 2095 B
323 2071 356 2095 73
375 2069 488 2102 opidum
508 2068 535 2094 B
611 2070 644 2095 74
663 2069 774 2095 familae
795 2069 818 2096 G
883 2070 985 2096 mutari
1063 2071 1096 2095 75
1115 2070 1199 2096 Modo
1218 2070 1246 2095 ni

128 2111 201 2138 cadit
219 2115 248 2138 at
316 2113 349 2137 7ss
368 2111 491 2138 medicos
510 2111 537 2137 B
607 2112 713 2138 ariolus
731 2112 877 2146 peniculus
896 2111 923 2138 B

994 2206 1041 2231 11*
