1596 2478
311 144 371 174 368
781 141 953 171 Mostellaria

309 241 434 278 Pylades
466 239 638 278 ‚‚equidem“
664 242 826 280 supplevit,
861 242 894 270 R.
922 241 1067 279 „bercle“‚
1098 243 1198 273 Herm.
1225 243 1364 280 „etinm“.
1387 260 1430 267 —-·

309 294 379 322 996.
404 291 450 322 At
471 289 604 330 quidem,
629 294 664 321 cf.
689 293 752 321 Mil.
779 294 850 322 660.
874 309 914 314 —
938 295 1009 323 997.
1041 291 1279 331 dissimulando,
1304 297 1340 325 cf.
1363 297 1428 326 Mil.

310 346 379 373 967.
410 359 451 363 —-
479 345 550 372 998.
581 344 692 379 tecum,
727 345 807 382 quod
835 345 978 374 excidisse
1007 347 1157 383 proximus
1187 356 1289 375 versus
1321 348 1429 377 docere

308 397 415 433 potuit,
442 395 566 432 Pylades
590 395 715 429 addidit,
740 400 768 424 et
792 396 847 424 hoc
871 406 986 434 quoque
1010 397 1073 425 loco
1098 399 1126 426 in
1145 399 1170 426 A
1194 398 1267 434 legit
1286 399 1427 437 Geppert.

309 448 379 475 (fod.
405 447 505 474 Ainbr.
536 456 564 484 p.
591 448 639 475 22.
686 447 744 475 Sed
773 457 830 475 non
859 447 1131 477 animadverterunt
1150 450 1280 478 editores
1299 451 1428 488 ineptam

309 510 371 527 esse
399 499 661 534 interrogationem
692 498 819 527 Simonis
852 499 947 534 „Quid
977 497 1116 528 autem?“
1164 500 1255 528 Immo
1279 501 1429 541 Theopro-

308 551 387 588 pidis
411 551 506 579 oratio
530 549 730 578 continuanda
753 554 813 579 est:
852 547 934 587 Quid
962 550 1065 579 autem
1088 549 1171 589 quod
1193 555 1247 580 cet.
1271 567 1312 572 --
1339 554 1428 583 1000.

309 602 403 639 Vulgo
427 606 533 639 putant
556 605 626 639 post
647 599 751 638 ‘neqoti
779 611 943 630 sermonem
972 603 1163 640 interrumpi,
1197 614 1230 631 nc
1264 605 1306 633 sic
1339 607 1429 634 etiam
1556 600 1561 626 l

308 655 434 683 Lorenz.
458 657 488 681 et
511 653 619 690 Bugg.;
654 653 704 681 sed
728 653 838 681 Simoni
863 653 944 681 nulls
967 663 1055 681 causa
1079 659 1156 690 erat,
1193 664 1244 683 cur
1273 656 1360 684 aliter
1383 667 1429 685 re-
1558 654 1560 659 ’

309 706 471 743 sponderet
494 714 597 742 quam:
623 701 748 733 Mecum
765 703 801 732 ut
818 701 870 733 ille
887 702 936 733 hic
949 703 1092 741 qesset'it,
1111 702 1186 734 dum
1206 704 1239 735 tu
1257 704 1330 735 hinc
1348 705 1428 742 abes,

307 745 412 794 oieyoli
440 753 635 794 quidquam?
680 756 755 784 Hinc
784 756 934 793 sequitur,
969 759 1001 784 ut
1031 758 1167 794 proxima
1201 762 1253 786 aut
1287 763 1429 797 corrupta

308 810 367 838 sint
395 805 475 845 (nam
504 807 615 835 frustra
643 807 703 836 Leo
726 807 786 835 ind.
811 807 900 835 schol.
926 807 1007 836 Rost.
1032 818 1061 846 p.
1086 809 1103 836 8
1133 811 1300 846 genetivum
1325 810 1425 838 deffen-

308 862 377 890 dere
400 855 538 895 conatur)
569 862 619 886 aut
648 862 682 887 ut
709 859 854 887 exciderit
884 859 1010 896 aliquid,
1046 869 1099 888 nec
1133 860 1236 890 dubito
1270 863 1342 899 quin
1374 862 1429 890 hoc

307 916 385 941 recte
419 911 586 948 suspicatus
620 912 660 939 sit
692 910 814 946 Ritsch.,
850 911 984 948 quamvis
1014 910 1181 948 Geppertus
1210 908 1294 948 (cod.
1324 913 1425 942 Ambr.

307 974 336 1002 p.
361 959 415 1000 22)
445 962 525 990 nulla
555 963 616 990 sius
645 963 688 990 rei
719 962 844 998 vestigia
872 963 902 990 in
926 963 950 990 A
974 962 1129 991 invenerit.
1175 963 1219 992 Eo
1243 964 1334 1001 igitur
1358 974 1426 993 auc-

307 1020 371 1044 tore
395 1015 468 1043 duos
491 1023 593 1042 versus
617 1013 755 1042 dimidios
778 1013 925 1051 supplevi.
971 1013 1062 1049 Quem
1086 1018 1155 1052 post
1178 1025 1206 1043 v.
1234 1015 1311 1044 1001
1337 1017 1427 1044 omis-

307 1077 370 1095 sum
395 1076 458 1094 esse
483 1069 595 1093 censet:
635 1065 714 1099 „TH.
739 1065 882 1093 Molestus
905 1075 941 1093 ne
964 1066 1019 1094 sis:
1053 1075 1113 1094 rem
1137 1075 1252 1094 omnem
1280 1066 1310 1094 in
1334 1076 1429 1104 pauca

309 1115 490 1153 conferam,
515 1126 550 1144 eo
574 1126 631 1144 non
655 1120 701 1144 est
724 1126 807 1154 opus.
834 1130 871 1135 -
899 1117 989 1145 1006.
1016 1115 1043 1145 te
1065 1117 1169 1146 Lamb.
1194 1127 1250 1146 em.
1273 1132 1310 1137 —
1337 1119 1427 1147 1007.

308 1170 370 1198 Hoc
404 1169 468 1197 loco
501 1168 643 1196 excidisse
672 1167 784 1205 aliquid
816 1169 873 1196 iam
903 1167 1054 1197 Acidaliae
1083 1168 1278 1198 divinaverat.
1331 1168 1424 1207 Gepp.

307 1221 378 1250 Cod.
402 1220 504 1248 Amhr.
529 1229 558 1257 p.
585 1220 622 1248 24
647 1221 676 1247 in
700 1220 725 1247 A
749 1229 781 1247 re
804 1230 875 1248 vera
899 1223 1016 1248 exstare
1039 1229 1158 1248 versum
1181 1223 1320 1255 testatur,
1344 1222 1427 1249 cuius

307 1282 395 1310 quum
420 1275 580 1299 extremam
599 1281 699 1299 vocem
722 1271 860 1307 legisset,
893 1272 1007 1308 reliqua
1029 1272 1070 1299 ita
1092 1272 1252 1309 supplevit,
1277 1275 1311 1300 ut
1335 1272 1426 1301 edidi.

310 1339 346 1342 —
375 1324 465 1352 1008.
489 1319 548 1351 huc
569 1330 617 1350 ‘me
640 1320 799 1359 adspecta,
829 1322 864 1351 cf.
889 1322 995 1360 Amph.
1021 1323 1096 1351 743:
1135 1332 1206 1359 „age
1229 1333 1275 1352 me
1298 1323 1354 1351 huc
1377 1323 1427 1352 ad-

307 1374 420 1414 spice“.
473 1374 507 1402 R.
532 1374 576 1402 ed.
603 1374 658 1409 „ad
681 1384 728 1402 me
752 1373 808 1402 huc
830 1373 961 1410 specte&
991 1388 1031 1392 —
1069 1374 1243 1403 1009—12.
1279 1374 1428 1409 Quattuor

307 1437 425 1463 versuS,
457 1427 508 1463 qui
531 1426 560 1453 iu
584 1425 670 1454 codd.
694 1425 769 1454 Pau.
793 1426 980 1460 exciderunt,
1012 1424 1116 1453 habuit
1138 1425 1178 1460 A3
1212 1435 1338 1463 quorum
1361 1435 1426 1463 quae

307 1478 476 1516 Geppertus
499 1477 580 1514 legit,
604 1477 633 1504 in
657 1481 799 1505 contextu
823 1478 970 1514 expressi,
995 1477 1050 1505 nisi
1074 1476 1153 1514 quod
1177 1476 1298 1505 secundi
1322 1487 1426 1506 versus

307 1531 433 1568 primam
464 1529 596 1556 litteram
625 1538 682 1556 non
705 1528 736 1556 M
765 1528 815 1556 sed
838 1528 861 1556 T
891 1538 953 1556 esse
982 1531 1119 1556 testatur.
1179 1528 1301 1557 Hiatum
1334 1538 1428 1557 sceuae

307 1581 486 1610 Ritsclielius
521 1580 624 1617 viginti
659 1579 755 1608 tribus
789 1580 922 1608 versibus
957 1580 1129 1617 compositis
1163 1580 1193 1607 in
1227 1579 1364 1617 Paret-gis
1393 1590 1423 1618 p.

307 1633 367 1661 467
392 1643 434 1670 sq.
459 1634 490 1660 et
512 1632 541 1659 iu
565 1632 754 1659 annotatione
777 1631 937 1669 supplevit.
989 1630 1064 1659 Mihi
1087 1631 1112 1659 si
1134 1641 1194 1659 uon
1217 1634 1366 1668 quattuor,
1395 1634 1428 1660 st

307 1684 438 1721 quinque
460 1692 563 1711 versus
587 1682 722 1711 sufficere
745 1683 801 1711 visi
831 1685 914 1717 sunt,
949 1691 1074 1719 quorum
1103 1681 1161 1710 duo
1189 1683 1317 1720 priores,
1352 1692 1427 1720 quos

307 1735 344 1763 ad
367 1735 496 1772 vestigia
519 1734 708 1762 Ambrosiani
737 1733 958 1762 accommodare
981 1734 1082 1771 potui,
1113 1734 1142 1762 in
1166 1736 1306 1762 contextu
1330 1734 1425 1771 posui,

307 1790 421 1815 ceteros
443 1786 518 1814 tales
541 1786 601 1814 fere
624 1785 695 1814 mihi
719 1786 815 1813 animo
839 1785 1013 1813 informavi:

868 1835 914 1864 SI.
936 1835 1000 1873 Ego
1023 1835 1117 1864 dicam
1142 1835 1213 1865 tibi:

460 1888 526 1917 Non
550 1887 725 1916 arrabonem
749 1888 872 1924 accipi0‚
896 1887 966 1924 quoi
988 1887 1062 1915 nihil
1086 1887 1189 1916 debeo.

370 1939 432 1968 ΤΗ,
457 1941 502 1968 An
527 1939 608 1967 aedis
631 1939 718 1967 hasce
741 1939 844 1966 emisse
867 1938 1068 1967 Philolachem
1091 1937 1204 1976 negas?

392 1991 434 2019 Sl.
459 1991 541 2028 Nego
566 1990 661 2018 hercle
685 2000 770 2026 uero;
794 1999 867 2028 quas
891 1998 945 2025 ego
969 1999 1127 2027 numquam
1151 1990 1282 2019 uendidi.

371 2042 433 2070 Tu.
458 2042 517 2070 Cur
540 2051 610 2077 ergo
634 2042 780 2080 inspicere
804 2051 849 2069 me
871 2040 1009 2069 sinebas?
1045 2041 1088 2070 SI.
1112 2041 1221 2070 Tranio

459 2093 500 2121 Te
524 2093 600 2121 uelle
623 2097 678 2122 cet.
