1561 2473
288 174 351 204 414
763 171 825 198 Men
829 171 936 198 nchmi.

289 266 391 304 sum“;
415 268 469 297 aL:
497 268 605 304 „uisi“.
630 282 671 287 —
694 268 765 297 461.
794 264 946 305 Observa,
971 266 1050 307 quid
1071 266 1164 307 dabo,
1194 270 1214 298 i.
1238 279 1261 298 e.
1285 269 1410 307 videbis,

289 319 360 357 quid
383 319 454 347 mali
477 319 610 347 facturus
634 319 698 354 sim,
722 319 757 347 cf.
772 319 854 348 Pers.
869 321 929 348 290
948 329 991 358 sq.
1015 320 1150 358 „Specta,
1173 320 1245 358 quid
1269 318 1411 350 dedero“.

289 369 378 399 Recte
401 370 519 398 Brixius
535 370 668 399 codicum
687 370 865 408 scripturam
888 373 991 400 contra
1008 370 1156 400 editorum
1174 371 1278 400 turbas
1295 374 1412 407 tactui-3

289 422 324 451 cf.
337 424 436 450 annot.
450 421 487 449 ad
499 421 581 450 Asin.
595 421 672 450 436:
698 421 759 457 „sic
781 419 910 450 dedero“
936 424 967 451 et
983 421 1021 450 ad
1040 422 1146 451 Bacch.
1161 423 1236 452 270:
1265 432 1411 461 „pugnam

289 471 390 502 dare“.
420 487 461 492 —
485 472 545 501 463
571 481 631 510 sq..
662 471 770 501 verum
792 482 912 502 versum
935 473 1078 510 ordinem,
1103 483 1190 511 quem
1213 474 1272 502 iam
1296 473 1342 502 ed.
1366 483 1412 512 pr.

289 524 552 558 animadverterat,
575 523 601 551 A
625 522 788 552 confirmat.
844 524 906 552 464
931 524 1074 553 Priscian.
1097 524 1140 553 IX
1163 534 1192 563 p.
1217 525 1278 554 869
1311 524 1412 554 affert:

293 575 422 612 „Prandi
446 577 476 603 et
498 575 616 612 putaui,
651 576 779 603 scortum
804 574 958 604 accubni“.
989 590 1025 595 —
1055 575 1134 604 Ante
1164 572 1281 604 abstuli
1302 575 1412 612 hiatus,

287 637 314 656 v.
328 626 448 663 Proleg.
461 636 491 664 p.
508 626 582 662 1833
605 625 710 654 similis
729 625 833 654 eodem
852 635 954 655 versus
972 626 1036 656 loco
1055 626 1135 655 infra
1157 627 1230 656 483.
1251 627 1321 656 506.
1341 627 1412 656 513.

290 677 360 707 520.
393 678 464 706 549.
509 676 646 706 Mueller.
676 686 705 714 p.
735 677 796 706 687
828 675 934 713 ‚,inde“
967 679 1019 706 aut
1049 675 1113 714 „ei“
1146 677 1240 706 addit.
1286 677 1412 714 wasta:

292 730 384 763 „banc
408 728 518 767 apstuli
542 727 664 763 Pallam,
688 727 825 765 quoius“.
849 743 891 748 —-
914 729 986 757 465.
1014 725 1138 764 „heres“
1165 729 1207 757 ait
1229 728 1310 758 Fest.
1329 728 1410 766 Epit.

287 791 318 819 p.
333 781 371 809 99
389 779 487 817 „apud
500 780 638 817 antiquos
650 789 704 817 pro
717 778 836 807 domino
848 777 1044 817 ponebatur“,
1064 780 1100 809 cf.
1115 780 1187 809 481.
1221 779 1326 808 Bacch.
1340 780 1411 809 844.

288 846 329 851 —
352 832 425 861 466.
454 827 628 859 clanculum
651 831 767 868 priores
790 840 855 859 cum
882 829 1060 866 „exaudire“
1086 831 1253 866 iunxerant,
1277 833 1308 860 et
1329 831 1411 860 Brix.

292 894 347 921 „ex
370 880 504 912 occulto“
536 882 771 919 interpretatur,
802 881 882 919 quod
905 881 971 910 fieri
992 891 1051 911 non
1073 884 1181 920 potest.
1237 881 1350 911 Ritscb.
1375 881 1413 910 ad

288 934 442 973 sequentia
470 933 563 961 traxit
593 932 740 962 scribensz
777 932 892 969 „MEN.
917 932 1088 961 Clanculum
1111 933 1162 962 Ait
1189 933 1265 962 hanc
1295 933 1413 962 dedisse

288 996 335 1014 me
356 985 445 1020 sibi“,
469 993 586 1013 versum
609 985 660 1021 qui
682 984 841 1013 intercedit
864 983 932 1012 huic
952 986 1145 1023 anteponens,
1168 984 1222 1013 sed
1239 987 1274 1013 ut
1288 983 1409 1021 „Satin“

288 1037 433 1067 scriberet
455 1038 484 1064 et
507 1036 627 1064 omnino
650 1044 705 1073 pro
727 1035 829 1073 spurio
852 1035 985 1064 haberet.
1037 1034 1067 1064 Si
1091 1036 1240 1074 scriptura
1262 1045 1335 1064 sana
1358 1038 1411 1071 est,

289 1089 448 1127 parasitus,
471 1087 604 1126 quamvis
621 1096 680 1116 non
698 1086 809 1122 audiat,
829 1086 902 1124 quid
919 1086 1069 1124 loquatur,
1087 1089 1188 1115 tamen
1206 1097 1266 1116 non
1284 1086 1412 1123 dubitat,

288 1140 359 1178 quin
382 1149 425 1176 ea,
449 1148 514 1177 quae
538 1135 720 1173 clanculum,
745 1138 764 1166 i.
778 1147 803 1166 e.
828 1137 974 1166 submissa
996 1147 1078 1174 voce,
1103 1138 1199 1174 dicat,
1229 1137 1266 1167 ad
1289 1147 1320 1166 se
1343 1147 1412 1176 per-

288 1192 405 1220 tineant
423 1193 453 1219 et
470 1189 603 1218 fraudem
621 1189 679 1218 sibi
697 1198 761 1218 esse
778 1189 900 1225 sactam;
925 1188 976 1217 sed
998 1189 1064 1218 vitii
1084 1188 1196 1227 aliquid
1214 1189 1310 1218 inesse
1328 1192 1412 1228 pute.

289 1241 323 1271 V.
348 1243 409 1270 467
433 1241 514 1270 Brix.
539 1243 608 1269 ante
632 1241 692 1270 458
716 1240 832 1278 posuit3
862 1240 944 1268 cuius
968 1240 1011 1268 rei
1036 1240 1115 1278 quod
1138 1242 1290 1269 auctorem
1313 1239 1415 1269 laudat

289 1294 324 1327 A,
349 1293 480 1328 fallitur,
503 1302 570 1320 nam
593 1292 619 1320 A
643 1292 765 1325 omittit,
789 1293 820 1320 et
843 1290 973 1328 Langen.
993 1290 1077 1320 Stud.
1090 1301 1119 1329 p.
1135 1292 1193 1321 301
1219 1291 1319 1320 omitti
1338 1291 1412 1320 vult.

290 1359 331 1364 —
355 1345 428 1373 468.
454 1353 536 1380 „eam
558 1352 604 1371 me
627 1340 728 1371 meae“
754 1342 852 1378 Both„
877 1342 922 1377 R.,
945 1341 1054 1371 Luchs.
1078 1343 1109 1371 in
1132 1342 1265 1372 Studem.
1289 1341 1374 1371 stud.
1396 1342 1413 1371 1

288 1407 318 1435 p.
343 1396 392 1424 61.
415 1409 459 1414 —
482 1395 553 1424 469.
580 1391 745 1431 Quoniam,
768 1396 936 1432 postquam,
959 1403 988 1422 v,
1013 1393 1049 1422 ad
1073 1394 1155 1422 Asin.
1182 1395 1253 1423 347.
1276 1409 1318 1413 —-
1340 1394 1411 1423 470.

289 1443 381 1485 quasi
401 1453 454 1475 ‘res
476 1453 546 1475 cum
569 1451 604 1475 ea
632 1443 715 1475 esset
740 1441 833 1481 mihi,
868 1445 953 1482 quasi
985 1454 1048 1473 cum
1077 1454 1112 1473 ea
1140 1455 1340 1481 consuessem,
1375 1445 1412 1474 cf.

288 1497 394 1527 Bacch.
420 1498 489 1526 562.
513 1512 554 1517 —
579 1497 650 1526 472.
675 1495 768 1534 qp‘tcst
789 1496 853 1534 Pyl.
877 1495 945 1524 add.
972 1510 1008 1515 -
1039 1496 1110 1525 473.
1141 1493 1214 1526 bene
1235 1493 1299 1534 fui,
1323 1507 1351 1526 v.
1375 1497 1412 1525 ad

289 1548 374 1587 Capt.
395 1549 467 1578 844.
512 1545 687 1585 dispendio,
711 1550 839 1586 sumptu,
865 1547 900 1576 cf.
914 1546 1070 1576 Ter.Eun.
1086 1548 1160 1576 929:
1189 1548 1270 1584 „sine
1282 1550 1411 1586 sumptu,

288 1601 350 1629 sine
373 1598 560 1638 dispendio“.
617 1599 687 1628 Hee.
713 1600 789 1628 795:
827 1599 909 1634 „sine
937 1607 992 1627 suo
1024 1597 1214 1637 dispendio“.
1269 1598 1411 1628 Nostrum

289 1652 385 1680 locum
409 1650 496 1680 affert
519 1650 653 1680 Donatus
677 1650 714 1679 ad
737 1650 806 1679 Ter.
830 1649 906 1678 Eun.
932 1650 960 1685 3,
983 1650 1012 1687 4,
1038 1650 1064 1679 2.
1090 1664 1132 1670 -—
1161 1650 1232 1680 475.
1257 1647 1413 1679 aduorsus

288 1700 315 1731 it
336 1702 421 1731 Both.
446 1711 501 1730 em.
525 1717 567 1721 —
600 1699 686 1740 Quid
707 1698 767 1737 ais,
796 1701 831 1730 cf.
857 1702 928 1730 315.
974 1699 1086 1729 Locum
1110 1700 1197 1730 affert
1219 1701 1377 1730 Diomedes
1399 1701 1412 1730 1

288 1764 317 1792 p.
332 1755 403 1783 312.
427 1767 468 1772 —
492 1753 562 1782 477.
587 1749 762 1790 Flayilium
784 1749 924 1781 hominis
946 1761 1010 1780 cum
1035 1751 1128 1787 hiatu,
1152 1761 1178 1780 v.
1193 1752 1230 1781 ad
1243 1750 1325 1781 Asin.
1339 1753 1410 1782 470.

288 1805 323 1834 R.
346 1803 415 1841 ,‚tu“
443 1804 541 1840 addit,
564 1805 613 1834 Br.
638 1814 703 1833 cum
722 1803 865 1840 Bergkio:
893 1801 1084 1840 „homonis“;
1108 1802 1229 1841 Wagn.:
1257 1803 1411 1840 „Hominis

288 1854 464 1893 flagitium“.
489 1870 530 1875 —
554 1856 626 1884 479.
656 1852 706 1891 Ut,
732 1857 751 1884 i.
776 1865 801 1884 e.
825 1857 994 1894 postquam,
1017 1863 1044 1882 v.
1063 1853 1101 1882 ad
1120 1854 1208 1883 Most.
1227 1856 1299 1884 262.
1334 1855 1412 1884 infra

291 1908 362 1937 623.
407 1907 474 1936 Ter.
499 1907 570 1935 Hec.
595 1908 666 1936 251.
712 1906 762 1935 ΒΓ.
793 1909 919 1935 temere:
957 1902 1083 1940 „Quid“.
1113 1919 1155 1925 —
1184 1907 1255 1935 480.
1293 1903 1412 1935 Fecisti

288 1955 397 1995 sunus,
421 1958 564 1994 extulisti,
593 1958 736 1995 sepelisti.
763 1971 800 1977 —
825 1953 896 1985 med
916 1956 1003 1985 Both.
1028 1966 1083 1985 em.
1112 1971 1147 1976 —
1172 1953 1293 1986 absenti
1314 1956 1411 1994 codd.,

289 2010 368 2048 quod
386 2010 506 2045 retinui,
530 2019 566 2037 ne
583 2019 687 2038 versus
705 2010 735 2037 in
753 2008 914 2037 diiambum
935 2008 1037 2036 exiret.
1051 2022 1093 2026 —
1111 2008 1182 2036 481.
1211 2005 1275 2038 Gur
1292 2005 1410 2044 ausu’s,

289 2071 317 2090 v.
341 2060 378 2089 nd
401 2060 467 2089 Aul.
493 2061 563 2089 733.
600 2075 640 2079 -
670 2067 765 2098 aeque
793 2057 980 2088 scribenduin
1010 2068 1073 2087 esse
1103 2058 1179 2088 vidit
1206 2059 1303 2096 Both„
1340 2059 1411 2095 „ad-

290 2110 402 2151 aeque“
428 2111 462 2140 R.
486 2125 527 2131 —
557 2111 628 2140 483.
659 2109 765 2149 igmoto
787 2107 926 2140 insciens
949 2110 995 2140 ed.
1018 2120 1062 2148 pr.
1088 2119 1153 2139 cum
1175 2109 1259 2139 hiatu
1282 2111 1316 2139 ut
1337 2110 1409 2139 464.
