1596 2478
119 198 165 230 IV,
184 199 207 230 2,
225 198 327 224 67-75
597 196 776 222 Mostellaria.
1184 195 1242 225 139

528 289 836 330 Theopropides

119 345 267 377 Perdidit
290 347 426 385 patrem.

567 401 797 433 Phanis-cus

469 456 558 488 Unus
582 456 656 487 istic
680 466 792 487 seruos
817 459 867 487 est
891 465 1105 492 sacerrumus,

119 512 256 550 Trani03
280 512 306 542 is
330 511 381 542 uel
408 510 541 542 Herculi
565 513 734 541 conterere
759 512 929 549 quaestum
956 509 1090 549 possiet.

121 565 245 606 Edepol
259 576 298 596 ne
313 575 362 595 me
376 565 445 596 eius
458 564 561 604 patris
575 564 691 594 misere
705 563 845 599 miseret,
866 563 920 602 qui
934 573 1030 604 quom
1045 563 1149 594 istaec
1163 562 1245 593 sciet

120 619 223 650 Facta
246 619 301 656 ita,
325 618 476 649 amburet
499 618 618 649 misero
642 617 672 648 ei
696 616 864 648 corculum
889 616 1120 648 carbunculus.

531 693 843 734 Theopropides

122 748 155 781 Si
179 748 310 790 quidem
335 749 437 780 istaec
460 758 541 780 uera
564 751 649 779 sunt.

574 818 798 850 Phaniscus

468 872 554 910 Quid
577 883 712 910 merear,
737 882 834 913 quam
859 871 900 902 ob
924 881 992 902 rem
1017 870 1178 901 mentiar?
1197 879 1249 903 970

544 943 658 974 Alter
682 953 826 974 seruos

124 1000 212 1031 Heus
236 1010 306 1037 uos,
330 999 442 1039 ecquis
465 997 564 1028 hasce
588 996 720 1037 aperit?

570 1067 799 1099 Phaniscus
822 1061 825 1063 i

505 1121 589 1159 Quid
613 1122 693 1153 istas
716 1120 835 1162 pultes,
861 1121 917 1152 ubi
941 1130 1036 1151 nemo
1059 1120 1149 1151 intus
1174 1118 1249 1151 est?>

125 1179 195 1210 Alio
219 1177 316 1210 credo
341 1177 553 1208 comissatum
577 1175 703 1214 abisse3
728 1175 882 1206 abeamus
907 1185 991 1205 nunc
1015 1174 1089 1205 iam.

532 1240 841 1282 Theopropides

123 1297 236 1335 Puere,
261 1300 308 1328 est
330 1296 415 1338 quod
438 1297 464 1326 te
486 1296 676 1335 interroyare
697 1294 778 1326 uolo.

571 1360 795 1392 Phaniscus

774 1414 823 1446 Tu
846 1424 982 1454 sequere
1005 1412 1068 1444 hac
1092 1422 1152 1443 me.

545 1480 660 1511 Alter
683 1489 824 1512 seruos

1120 1518 1250 1559 Sequor.

535 1582 846 1623 Theopropides

125 1638 240 1676 Fuere,
263 1639 369 1670 iamne
393 1637 486 1669 abis?

577 1696 802 1728 Phaniscus

535 1751 686 1782 Libertas
710 1749 887 1790 paenulast
910 1753 1002 1788 tergo
1026 1753 1097 1787 tuo;

127 1805 216 1843 Mihi,
241 1806 303 1837 nisi
327 1808 363 1836 ut
387 1816 477 1836 erum
503 1809 646 1837 metuam
671 1808 704 1836 et
727 1814 845 1841 curem,
872 1803 952 1834 nihil
976 1806 1026 1834 est
1050 1803 1106 1843 qui
1125 1806 1252 1841 tergum

845 1862 965 1897 tegam.
1202 1864 1253 1889 975

195 1962 245 1987 966
264 1961 321 1987 PH.
341 1969 389 1988 om.
444 1961 467 1986 si
487 1961 639 1987 acerrimus
657 1959 708 1986 BG
758 1961 808 1985 967
827 1960 960 1985 couterce
979 1957 1015 1987 B,
1034 1961 1163 1983 conterre
1183 1957 1205 1983 C'

128 2006 221 2037 potest
274 2004 324 2030 968
343 2003 443 2029 misere
461 2011 511 2029 om.
531 2001 583 2029 BG
636 2003 686 2028 969
706 2003 793 2027 istaec
814 2002 838 2027 A
897 2001 989 2026 miseri
1009 2000 1035 2025 A
1094 2001 1141 2026 971
1163 2000 1255 2033 aperit

129 2046 178 2072 has
196 2046 223 2072 A
286 2047 358 2072 istac
377 2046 411 2073 Β,
431 2046 485 2071 ista
507 2046 528 2072 G
588 2046 691 2071 intusst
709 2045 761 2071 BC
820 2045 870 2070 972
888 2045 1055 2069 comisatum
1075 2044 1107 2074 Ae
1128 2044 1255 2069 commis-

128 2093 220 2114 satum
240 2088 290 2114 BG
359 2089 471 2114 abemus
492 2088 618 2114 nuntiam
690 2089 740 2114 973
759 2096 809 2113 om.
829 2086 880 2112 BC
948 2088 999 2112 974
1019 2086 1073 2111 PH.
1093 2094 1136 2112 om
1205 2087 1254 2112 975

129 2130 160 2156 A.
178 2138 264 2164 praep.
282 2130 309 2156 B
379 2139 455 2157 erum
475 2134 506 2156 ut
525 2129 578 2157 BG
