1596 2478
659 192 691 219 V.
710 193 818 218 50—98.
1241 191 1296 221 181

180 293 282 326 formu,
307 291 362 319 nisi
392 290 494 327 fallor,
524 300 628 329 parum
652 289 800 319 Plautina.
831 305 872 309 —
902 285 987 317 dulce
1010 292 1039 317 et
1063 295 1205 318 amarum
1228 289 1296 318 sub-

179 344 315 377 stantive,
339 352 366 370 v.
381 341 415 370 nd
430 341 491 370 Mil.
507 342 565 370 293
586 345 616 369 et
633 341 669 369 ad
684 341 757 370 Rud.
774 342 842 370 664.
866 355 903 360 —-
923 337 1049 377 οθῃθνίΐ,
1073 340 1108 369 cf.
1123 341 1209 368 Trnc.
1228 341 1296 369 106.

179 408 218 413 -—
244 394 292 422 69.
316 389 371 421 Ad
392 390 487 421 istam
510 389 631 429 faciem,
654 393 689 420 cf.
714 392 750 420 ad
775 391 865 420 Mei-c.
891 393 961 420 420.
992 407 1032 411 —
1062 392 1110 420 70.
1141 388 1236 428 Eryo,
1262 391 1298 420 cf.

179 445 215 473 ad
250 444 356 481 Amph.
395 446 462 473 172.
522 443 607 479 Quod
642 442 832 481 perfidiosum
867 444 962 472 amica
995 444 1135 472 Amorem
1170 442 1298 480 dixerat,

179 505 242 525 eum
268 505 332 524 cum
358 495 534 532 magistratu
558 498 710 534 comparat
730 496 884 534 pecuniam
903 494 957 523 sibi
977 494 1118 523 creditam
1137 495 1298 530 reeinente3

179 548 219 576 sic
247 558 277 576 se
306 557 422 585 quoque
444 547 582 575 Amorem
612 547 717 585 opibus
746 549 776 574 ot
805 546 893 575 animi
924 546 1064 583 aequitate
1093 546 1234 584 privasse.
1257 560 1300 566 —

180 600 229 628 73.
253 597 400 635 spissum,
419 598 546 634 tardum,
567 608 593 626 v.
609 598 646 627 ad
658 597 746 626 Poen.
763 599 831 626 505.
847 612 886 616 —-
901 598 949 626 74.
966 595 1071 633 peizm,
1092 597 1126 626 cf.
1142 597 1178 626 ad
1192 597 1298 636 Amph.

180 651 227 678 56.
253 650 332 678 Trin.
349 650 418 678 936.
433 664 474 669 —
495 651 543 679 75.
568 649 697 679 aetatem
710 649 776 678 edd.
793 664 831 668 —
853 649 901 677 76.
927 648 1052 676 Matrem
1067 648 1218 685 Gymnasii
1231 649 1299 678 hinc

136 738 140 743 Ι
179 702 324 730 sermonis
347 704 447 740 partes
470 711 585 729 sumere
614 701 690 730 vidit
712 701 849 729 Bothius.
882 715 922 719 --
956 701 1003 728 79.
1033 707 1125 728 suam
1155 707 1219 728 rem
1247 708 1301 737 op-

179 751 282 788 tinere,
306 753 341 781 cf.
366 752 443 781 Men.
469 754 538 782 898.
564 768 603 772 —
635 754 683 781 80.
715 750 782 781 Hoc
806 749 874 780 uolo
897 749 1008 787 assatis,
1038 752 1074 779 cf.
1099 752 1180 780 Asin.
1209 753 1233 780 1.
1259 767 1300 772 —

179 805 228 833 82.
254 801 290 832 de
312 812 346 833 ea
371 811 410 839 re,
436 804 470 832 cf.
497 803 532 832 nd
556 804 648 832 Mei-c.
674 804 743 833 621.
771 819 810 822 —
835 801 993 840 moriqere,
1018 804 1036 832 i.
1062 814 1085 831 e.
1112 813 1222 831 morem
1246 814 1298 841 ge-

179 857 280 891 rendo,
305 856 444 890 comitem
473 854 645 884 adverbium
670 856 723 883 hoc
748 866 806 883 uno
830 855 894 883 loco
918 855 1038 892 legitur.
1090 854 1164 882 Edd.
1192 857 1300 891 „mori-

177 907 298 947 gerae“,
323 910 425 935 couti-a
445 916 571 942 sensum,
598 917 663 935 nam
677 906 825 935 Selenium
846 907 934 934 matri
954 916 1011 934 non
1031 909 1074 934 est
1093 906 1244 935 obsecuta.
1259 922 1300 927 —

179 962 228 990 83.
257 957 405 997 (nauiter,
430 959 630 993 vehementer,
655 958 691 986 cf.
711 957 806 986 Caecil.
830 959 901 987 163:
929 958 1069 993 „Placen-e
1094 959 1209 996 occepit
1231 969 1298 996 gra-

178 1014 255 1041 uiter
275 1014 432 1049 postquam
451 1013 496 1038 est
513 1008 660 1038 m01-tua“.
675 1025 714 1028 —
732 1016 800 1037 cum
818 1017 852 1038 eo
870 1010 1077 1047 postpositum,
1101 1019 1128 1038 v.
1142 1009 1179 1038 ad
1191 1009 1298 1048 Amph.

183 1065 249 1093 181.
275 1063 340 1091 Aul.
354 1063 425 1090 459.
450 1061 528 1089 Meu.
545 1063 613 1089 666.
629 1062 698 1090 885.
724 1061 799 1089 Rud.
819 1062 896 1090 1053
919 1076 954 1080 —-
976 1062 1023 1089 84.
1042 1068 1251 1098 enumquam,
1272 1073 1298 1091 v.

179 1117 215 1145 nd
239 1115 317 1144 Men.
345 1113 412 1142 145.
438 1128 479 1132 —
503 1114 551 1141 85.
577 1110 706 1149 nemine,
734 1114 841 1141 omisso
869 1111 984 1148 ‚‚cum“,
1014 1113 1049 1140 cf.
1074 1112 1138 1141 Cas.
1164 1114 1234 1142 297.
1263 1129 1298 1133 —-

180 1169 229 1197 86.
256 1163 387 1195 Obsecro
410 1165 477 1193 huic
502 1165 598 1193 versui
624 1165 687 1192 iure
711 1165 901 1200 assignarunt
929 1165 1075 1199 editores,
1105 1175 1172 1193 nam
1196 1167 1299 1202 proxi-

179 1229 242 1248 mus
266 1218 321 1247 hoc
344 1218 450 1246 omisso
474 1218 587 1254 integer
610 1217 796 1254 septenarius
820 1221 876 1250 est,
907 1226 957 1244 uec.
983 1216 1028 1244 hic
1052 1226 1110 1245 non
1134 1227 1221 1246 sanus
1245 1222 1300 1253 est,

178 1272 202 1300 si
219 1266 410 1308 pudicitiam
434 1267 688 1306 quadrisyllabum
712 1268 815 1303 facim,
847 1279 874 1295 v.
899 1268 1013 1306 Proleg.
1038 1279 1066 1306 p.
1092 1268 1162 1304 211,
1192 1269 1299 1308 Amph.

179 1323 250 1351 923.
286 1321 372 1362 Epid.
399 1321 469 1349 405.
505 1320 571 1348 Ter.
597 1320 689 1348 Andr.
715 1320 784 1348 288.
809 1334 844 1338 —
878 1320 926 1347 87.
953 1316 1015 1348 Per
1040 1317 1207 1358 Dionysia,
1231 1320 1301 1349 Dio-

178 1374 278 1411 nysiis,
303 1373 353 1401 ubi
372 1382 487 1410 pompae
506 1371 666 1409 magnificae
687 1371 878 1403 ducebantur.
905 1371 984 1398 velut
1003 1381 1069 1408 quae
1087 1371 1184 1406 fiebat,
1211 1382 1301 1410 quum

179 1425 367 1453 simulacrum
392 1423 438 1451 dei
459 1424 696 1460 antiquissimum
716 1433 729 1450 e
752 1422 856 1451 Lenaeo
876 1423 904 1450 in
924 1422 1104 1451 Ceramicum
1123 1424 1302 1462 portabatur

180 1476 332 1511 (Philostr.
358 1475 416 1503 vit..
441 1475 530 1513 Soph.
560 1475 602 1510 11,
634 1476 650 1503 3
680 1485 709 1513 p.
742 1473 821 1507 549).
879 1474 1014 1502 Ceterum
1045 1475 1120 1502 hunc
1155 1475 1250 1503 locum
1285 1487 1302 1504 a

179 1527 343 1556 Menandro
367 1537 537 1565 expressum
561 1537 632 1562 esse,
657 1529 781 1564 apparet
806 1536 840 1554 ex
865 1526 1039 1563 Hermogen.
1061 1526 1095 1554 de
1119 1527 1231 1555 Invent.
1252 1527 1300 1562 IV,

183 1581 217 1608 ll
238 1590 265 1617 p.
284 1580 351 1611 177,
376 1580 425 1616 qui
444 1579 543 1617 turpia
562 1578 727 1606 verecunde
751 1581 779 1605 et
800 1578 929 1606 modesto
948 1579 1173 1606 commemorari
1192 1578 1300 1606 debere

179 1631 286 1659 docens
320 1630 375 1659 hoc
409 1630 495 1658 affert
523 1629 678 1658 Menandri
703 1629 868 1666 exemplum
894 1626 1037 1666 (Meiuek.
1062 1629 1102 1658 IV
1125 1640 1154 1667 p.
1180 1626 1278 1667 243.):

610 1682 711 1718 Πομπὴ
737 1682 790 1718 γὰρ
816 1677 843 1715 ἦν
867 1683 1026 1709 Διονυσίων

384 1733 398 1760 ὁ
421 1733 449 1760 δὲ
470 1733 497 1770 μ’
524 1733 692 1768 ἠκολούθησε
715 1734 795 1769 „neggi
820 1735 866 1760 τοῖ’
890 1734 958 1768 πρὸς
982 1733 1026 1767 τῂν
1048 1734 1146 1770 θύραν

385 1785 474 1812 ἔπειτα
498 1786 597 1820 φοιτῶν
619 1785 664 1812 καὶ
687 1785 836 1812 κολακεύων
859 1786 958 1821 μητέρα

383 1837 451 1874 ἔγνω
473 1848 512 1873 με.

266 1890 314 1917 89.
339 1885 527 1926 conspicillo,
552 1890 580 1917 in
605 1891 774 1927 conspectu.
811 1889 923 1916 Nonius
944 1898 971 1925 p.
987 1889 1042 1917 84:
1071 1888 1301 1926 ‚,conspicilium‚

178 1940 256 1970 unde
281 1941 449 1978 conspicere
472 1941 577 1978 possis.
630 1940 751 1969 Plautus
781 1936 944 1978 [Parasito]
969 1940 1100 1968 Medico:
1136 1941 1166 1968 in
1189 1941 1303 1978 conspi-

180 1992 248 2021 cillo
271 1991 464 2020 adseruabam
489 1992 621 2030 pallium,
645 1990 869 2020 obse1·uahmn“.
896 2007 932 2010 -*
965 1992 1013 2020 90.
1046 1989 1237 2026 insinuauit‚
1263 2002 1301 2020 sc.

181 2054 221 2077 se,
245 2044 280 2072 cf.
306 2044 363 2072 Cic.
388 2043 468 2072 Fam.
494 2044 543 2079 IV,
572 2045 619 2079 13,
644 2045 672 2081 6,
696 2044 732 2072 al.
758 2059 798 2063 -—
826 2045 875 2072 92.
899 2051 1072 2079 4ιιονεανεφη,
1096 2053 1122 2071 v.
1143 2043 1180 2071 ad
1198 2043 1302 2071 Bacch.

182 2097 251 2124 762.
282 2110 322 2114 —
353 2096 400 2124 93.
437 2095 546 2124 Versus
576 2096 653 2124 iusto
682 2095 812 2133 longior;
847 2096 1013 2133 superiores
1037 2097 1089 2124 aut
1114 2092 1300 2131 „Selenium“

181 2147 316 2176 delerunt
340 2149 391 2175 aut
418 2146 513 2183 „Quid
537 2146 617 2182 est“3
652 2156 706 2184 ego
741 2149 787 2182 „et
817 2146 864 2174 ille
895 2145 969 2183 me“,
1003 2147 1083 2184 quod
1111 2157 1163 2175 nec
1192 2156 1245 2184 per
1273 2156 1302 2174 se
