1596 2478
299 170 360 199 2:32
789 168 878 194 Plauti
1220 169 1250 201 V,
1271 171 1294 203 5,
1315 171 1413 196 17—29

715 263 994 294 Menaechmus

778 316 861 355 Quin
885 320 920 348 tu
945 317 972 348 is
994 317 1026 348 in
1052 317 1170 349 malam
1194 319 1343 350 crucem?
1362 327 1413 353 900

792 386 914 419 Senex

298 442 363 474 Iam
389 441 497 474 hercle
521 443 673 482 occeptat
692 442 833 474 insanire
857 442 1040 483 primulum.

715 513 746 544 M
755 524 771 545 e
780 524 798 544 n
809 523 828 544 a
836 524 852 544 e
861 513 906 545 ch
914 524 943 544 m
952 524 994 545 us

1103 556 1186 594 Quin
1209 560 1245 588 tu
1269 567 1372 596 rogas.

296 611 496 651 Purpureum
515 619 630 650 panem
651 620 691 641 an
711 610 883 651 puniceum
903 609 1026 641 soleam
1048 621 1106 650 ego
1127 621 1197 641 esse
1211 621 1251 642 an
1264 611 1412 643 luteum?

297 664 466 696 Soleamne
489 674 561 695 esse
585 664 656 695 auis
678 673 880 704 squamosas³
905 665 1004 704 piscis
1029 664 1212 704 pennatos?

787 734 912 766 Senex

1260 779 1378 821 Papae.

296 833 403 865 Audin
424 836 470 870 tu,
494 836 531 864 ut
555 831 768 863 deliramenta
791 831 958 872 loquitur?
994 831 1078 869 Quid
1103 843 1211 864 cessas
1235 833 1313 866 dare

294 888 442 920 Potionis
466 886 599 926 aliquid,
626 886 814 926 priusquam
839 886 979 926 percipit
1002 886 1152 917 insania?
1361 898 1410 923 905

759 956 938 988 Medicus

294 1014 390 1046 Mane
414 1012 525 1050 modo;
550 1012 647 1044 etiam
672 1011 891 1053 percontabor
913 1011 988 1043 alia.

786 1082 913 1114 Senex
1370 1116 1378 1126 ⁸

1038 1137 1165 1170 Occidis
1189 1138 1350 1170 sabulans.

761 1196 938 1228 Medicus

295 1254 354 1285 Dic
378 1253 456 1285 mihi
479 1252 554 1283 hoc:
581 1251 688 1283 solent
711 1251 770 1282 tibi
795 1261 948 1291 umquam
972 1251 1057 1283 oculi
1081 1251 1153 1284 duri
1176 1253 1269 1285 fieri?

711 1322 991 1354 Menaechmus

294 1379 400 1417 Quid?
423 1382 459 1410 tu
482 1388 532 1409 me
555 1377 718 1409 lucustam
743 1387 856 1408 censes
880 1387 960 1413 esse,
982 1377 1078 1409 homo
1102 1378 1346 1416 ignauissume?

758 1447 937 1479 Medicus

293 1504 352 1536 Dic
376 1503 462 1539 mihi,
487 1513 524 1534 en
550 1513 702 1544 umquam
728 1503 880 1534 intestina
904 1502 964 1533 tibi
988 1507 1132 1543 crepant,
1157 1503 1244 1544 quod
1263 1505 1406 1536 sentias?

708 1573 764 1604 Me
775 1585 793 1604 n
803 1583 870 1604 aec
880 1573 898 1603 h
907 1583 987 1604 mus

292 1629 354 1660 Ubi
373 1632 465 1660 satur
483 1638 562 1666 sum,
582 1628 673 1659 nulla
691 1628 869 1668 crepitant3
893 1626 1024 1668 quando
1043 1628 1161 1665 esurio,
1179 1631 1246 1660 tum
1260 1633 1402 1670 crepant.

756 1704 938 1736 Medicus

291 1759 359 1791 Hoc
390 1759 519 1801 quidem
555 1759 668 1800 edepol
705 1758 792 1790 haud
824 1769 882 1799 pro
916 1759 1029 1791 insano
1064 1759 1198 1791 uerbum
1233 1760 1404 1801 respondit

1001 1814 1087 1845 mihi.
1353 1823 1400 1849 911

290 1867 526 1900 Perdormiscin
551 1878 654 1909 usque.
678 1867 720 1899 ad
743 1867 868 1899 lucem?
898 1867 1015 1899 facilen
1039 1872 1074 1899 tu
1099 1868 1219 1900 dormis
1241 1868 1386 1900 cubans?

355 1987 400 2013 901
424 1987 474 2013 SE.
495 1994 543 2012 om.
598 1990 714 2019 occepta
771 1989 801 2012 tu
820 1995 863 2011 mv
883 1986 1040 2017 interrogas
1100 1987 1150 2012 903
1169 1995 1250 2020 quum
1271 1995 1348 2012 ossas
1365 1986 1401 2019 B,

289 2037 435 2063 quamosas
455 2030 477 2055 C
543 2030 592 2055 904
613 2029 716 2055 Audita
787 2030 836 2054 906
855 2029 908 2054 Ml«)
936 2029 988 2054 alia
1008 2029 1113 2055 occidis
1132 2028 1159 2055 Β
1227 2029 1347 2055 fabulam
1366 2029 1401 2060 B,

289 2072 369 2098 falam
391 2071 414 2098 G
479 2073 528 2098 909
546 2081 590 2099 me
610 2072 653 2098 hie
673 2080 820 2105 numquam
889 2073 936 2097 911
959 2072 1011 2097 hau
1081 2072 1130 2097 912
1149 2071 1401 2097 Pordormiscnnius

289 2124 342 2148 qno
415 2114 524 2140 luvam?
545 2114 630 2139 ΜΕΝ.
651 2114 678 2140 Β
748 2115 840 2140 fneilin
913 2123 1012 2139 ‹uu-nnn
