1596 2478
290 189 349 219 132
803 184 895 210 Plauti
1214 182 1262 216 111,
1281 183 1306 215 8,
1323 183 1405 209 9—21

695 278 1002 319 Theopropides

286 335 326 366 Di
350 334 552 371 inmortales,
582 332 771 374 mercimoni
801 331 911 373 lepidi.
957 330 994 362 Si
1015 331 1124 363 hercle
1148 341 1232 362 nunc
1255 330 1339 362 ferat
1357 339 1408 365 895

286 387 348 419 Sex
371 387 497 418 talenta
521 397 639 427 magna
661 386 787 426 argenti
813 396 870 426 pro
894 385 967 416 istis
991 384 1225 426 praesentaria,

284 441 470 481 Numquam
494 441 664 481 accipiam.

770 509 917 541 Tranio

500 564 533 596 Si
557 563 665 596 hercle
687 564 837 604 accipere
861 563 982 604 cupias.
1007 573 1066 603 ego
1091 573 1267 603 numquam
1291 563 1405 595 sinam.

692 633 949 675 Theopropid
961 644 999 664 es

284 689 372 720 Bene
395 698 447 720 res
471 691 584 720 nostra
607 688 780 720 conlocata
804 692 854 720 est
876 689 958 719 istoc
982 687 1200 718 mercimonio.

768 758 918 790 Tranio

284 814 334 844 Me
357 823 490 844 suasore
515 816 613 853 atque
637 812 803 853 impulsore
827 812 858 843 id
884 812 1005 843 factum
1030 811 1189 843 audacter
1212 811 1323 844 dicito.

284 866 344 904 Qui
369 867 481 906 subegi
506 867 636 897 faenore
661 869 830 906 argentum
855 866 896 897 ab
921 865 1052 897 danista
1075 869 1111 896 ut
1132 868 1284 902 sumeret,
1355 875 1406 900 900

284 920 377 958 Quod
401 921 456 951 isti
481 920 631 952 dedimus
655 919 820 951 arraboni.

691 995 1004 1037 Theopropides

845 1049 1029 1081 Seruauisti
1054 1059 1181 1080 omnem
1204 1053 1318 1081 ratem.

282 1104 405 1144 Nempe
428 1104 595 1143 octoginta
618 1103 778 1135 debentur
801 1103 877 1134 huic
901 1103 1007 1135 minae
1015 1104 1030 1134 Ῥ

764 1174 915 1206 Tranio

980 1227 1078 1259 Haud
1098 1238 1229 1259 nummo
1253 1228 1404 1269 amplius.

697 1299 988 1339 Theopropides

282 1353 387 1385 Hodie
411 1354 561 1394 accipiat.

765 1423 913 1455 Tranio

592 1478 643 1510 Ita
667 1478 842 1516 enimuero,
866 1488 906 1509 ne
930 1487 995 1519 qua
1018 1487 1120 1509 causa
1143 1477 1277 1509 subsiet.

281 1531 339 1563 Uel
363 1532 441 1563 mihi
466 1532 695 1571 denumerato3
719 1542 777 1572 ego
801 1531 848 1563 illi
873 1541 970 1572 porro
994 1531 1260 1563 deuumerauero.

689 1610 997 1652 Theopropides

281 1665 323 1697 At
347 1666 431 1697 enim
454 1676 495 1696 ne
519 1665 597 1706 quid
622 1665 767 1705 captioni
791 1665 869 1696 mihi
893 1665 945 1700 sit.
960 1665 997 1696 -si
1022 1664 1167 1696 dederim
1190 1664 1261 1696 tibi.
1350 1673 1401 1698 905

763 1735 915 1767 Tranio

281 1789 392 1829 Egone
416 1792 448 1821 te
472 1790 580 1822 ioculo
605 1789 700 1821 modo
724 1790 828 1820 ausim
852 1789 940 1821 dicto
965 1792 1022 1820 aut
1045 1789 1131 1820 facto
1155 1789 1291 1821 fallere?

689 1859 992 1900 Theopropides

280 1913 369 1952 Egon
393 1914 453 1945 abs
477 1917 508 1945 te
532 1914 636 1945 ausim
660 1925 724 1945 non
748 1923 876 1951 cauere,
901 1924 939 1945 ne
963 1914 1042 1953 quid
1067 1914 1268 1945 committam
1292 1913 1376 1945 tibi?

348 2032 398 2057 895
417 2032 439 2057 ei
459 2039 510 2057 om.
586 2032 634 2057 897
655 2032 795 2066 accipiam.
815 2031 870 2058 TR..
891 2032 991 2058 siercte
1067 2032 1190 2058 accieere
1209 2032 1232 2058 C·
1305 2032 1401 2065 cupies

281 2073 332 2099 900
350 2073 459 2100 ‹laniste
480 2074 501 2099 C
569 2076 615 2100 901
638 2074 758 2100 arriboni
778 2073 804 2100 B
882 2075 933 2099 902
952 2074 1005 2101 hau
1084 2076 1134 2101 903
1153 2074 1209 2100 Til.
1229 2082 1278 2100 om.
1351 2075 1401 2100 905

281 2116 347 2141 mihi
366 2116 414 2141 nsi-d
434 2117 455 2141 si
509 2118 559 2141 906
579 2122 606 2142 te
626 2118 718 2143 ioculo
738 2116 771 2149 Β,
792 2117 854 2143 celo
873 2117 936 2142 culo
957 2117 979 2143 C
1045 2119 1096 2144 907
1114 2118 1141 2143 ui
