1596 2478
330 203 388 231 166
829 197 936 224 canina.

325 307 414 334 quam
438 297 460 324 B
482 305 616 324 servasse
644 295 773 324 videtur.
800 310 835 314 —
858 296 928 323 871.
963 302 1019 323 nec
1047 295 1116 323 olim
1141 295 1284 324 additum.
1311 309 1350 314 —
1377 295 1448 323 872.

326 346 417 385 atque
441 348 533 384 chp.
570 361 609 366 ——
645 347 715 374 876.
749 344 832 374 intro
861 343 903 374 ad
930 353 1058 374 uxorem
1087 353 1154 374 cam
1183 345 1317 383 Seyffert.
1342 345 1448 374 Philol.

326 398 422 427 xxvl
448 409 474 436 p.
502 398 562 426 722
587 407 621 425 ex
645 397 740 425 Nonio
763 406 791 434 p.
818 397 876 425 396
901 406 960 434 sq.:
988 394 1148 432 „Sufferre
1170 396 1317 433 significat
1341 395 1449 424 dedere

326 450 373 478 vel
397 458 573 486 supponere.
631 448 755 477 Plautus
779 448 901 476 Casina:
933 450 1010 476 intro
1035 447 1072 476 ad
1095 457 1218 476 uxorem
1242 457 1335 476 meam
1359 446 1447 476 suffe-

326 510 387 527 ram
412 509 488 536 quae
511 501 540 527 ot
565 509 658 527 meum
682 501 798 535 tergum
823 498 861 527 ob
885 499 1031 527 iniuriam.
1079 498 1159 527 Idem
1185 498 1317 527 Poenulo
1339 495 1449 535 (854):

326 553 359 579 ut
381 551 468 585 enim,
492 550 542 578 ubi
566 550 636 578 mihi
654 550 856 588 uapulnndum
875 553 929 584 est,
965 552 996 578 tu
1022 550 1133 578 corium
1159 547 1313 578 sufferns“.
1365 548 1450 578 Unde

326 602 442 630 creticis
471 602 653 630 tctrametris
681 601 777 629 locum
807 601 965 639 descripsit
994 604 1028 628 ut
1051 610 1104 629 nos
1128 610 1192 628 eum
1219 601 1321 629 secuti.
1367 600 1447 628 Brix.

326 653 402 681 Ann.
428 653 499 690 phil.
524 652 561 681 Cl
584 663 612 690 p.
640 653 698 680 763
723 662 768 680 vv.
791 653 952 681 879—81:
981 653 1099 686 „nescio
1114 675 1118 679 .
1135 674 1140 680 .
1157 673 1161 679 .
1177 674 1182 679 .
1198 652 1286 679 redeo
1309 648 1447 680 domum“

326 706 470 741 quattuor
499 703 640 732 dimetros
669 704 835 732 trochaicus
864 703 1053 732 catalecticos
1082 704 1160 731 facit.
1189 717 1223 722 -—
1257 703 1328 731 881.
1352 709 1450 740 neque

325 752 407 782 enim
431 754 548 790 addidi3
573 757 624 783 aut
647 755 724 783 enim
749 755 803 783 hoc
827 754 992 783 faciendum
1013 756 1063 782 nut
1081 755 1216 791 proximo
1235 763 1337 782 versu:
1372 762 1448 788 „non

326 803 413 834 licet“
440 805 637 834 scribendum.
657 821 697 825 -
721 807 792 834 882.
816 803 890 834 istic
908 806 942 833 A.
970 820 1005 824 -
1033 803 1133 833 tamen
1154 802 1237 839 Etsi,
1261 815 1287 833 v.
1310 805 1347 833 ud
1360 804 1448 832 Most.

330 857 420 884 1147.
439 871 479 875 —
499 857 569 885 883.
593 864 641 885 ‘mc
664 856 730 885 add.
755 856 849 895 Gepp.
874 859 1025 895 praeeunte
1049 855 1160 891 Douza.
1185 857 1234 893 qui
1262 856 1358 890 „dabo
1382 865 1450 893 pro-

325 908 418 936 tinam
444 917 489 935 mo
513 909 541 936 in
566 906 682 945 fugam“
710 908 852 937 voluerat.
904 907 983 936 Alibi
1008 907 1132 935 Plautus
1159 908 1206 941 „in
1230 904 1339 944 pedes“
1365 907 1450 942 dixit,

326 969 353 987 v.
378 958 415 987 ad
443 958 530 996 Capt.
558 960 624 987 121.
664 973 700 978 —
736 956 825 987 Heus
858 959 948 995 vulgo
977 958 1145 995 Olympioni
1175 959 1278 992 ‹latui-3
1313 957 1449 995 equidem

327 1019 384 1038 uon
408 1010 513 1038 dubito
543 1010 615 1047 quin
639 1010 812 1038 Cleostratae
840 1011 887 1038 sit.
917 1025 951 1029 -—
981 1008 1031 1037 sta
1055 1006 1125 1038 ilico
1154 1010 1193 1043 A,
1226 1010 1243 1037 i.
1269 1020 1293 1036 e.
1319 1018 1352 1037 eo
1376 1009 1449 1043 loco,

326 1061 377 1089 ubi
398 1071 437 1096 es,
461 1071 488 1089 v.
503 1061 539 1088 ad
559 1061 663 1089 Bacch.
678 1063 705 1089 7.
742 1060 818 1089 Rud.
834 1061 905 1089 825.
940 1060 1020 1089 Trin.
1040 1062 1110 1089 610.
1135 1075 1170 1080 ——
1197 1062 1267 1089 884.
1295 1057 1400 1089 Occidi
1415 1060 1448 1088 A.

327 1127 367 1131 —
389 1110 421 1141 Si
444 1112 555 1141 addidi.

413 1164 483 1192 885.
510 1164 658 1199 Ausugere
677 1164 794 1191 conanti
813 1163 927 1191 obviam
946 1162 979 1191 fit
996 1162 1138 1191 Chalinus
1157 1173 1192 1191 ex
1211 1162 1322 1191 aedibus
1340 1163 1450 1190 exiens.

327 1215 508 1252 Septenariis
536 1214 693 1243 trochaicis
723 1224 811 1243 scena
839 1214 948 1251 scripta
972 1217 1024 1242 est.
1049 1228 1089 1232 —
1119 1213 1190 1241 Post
1214 1212 1245 1241 tu
1269 1213 1383 1248 hiatur,
1418 1215 1452 1241 ut

327 1266 404 1294 Men.
432 1267 501 1295 501.
549 1265 700 1294 Mueller.:
728 1265 803 1300 „tu's
826 1265 876 1302 qui
900 1266 947 1292 te“
975 1264 1041 1293 coll.
1067 1264 1133 1293 Aul.
1161 1265 1230 1292 260.
1272 1264 1356 1293 Cui-c.
1384 1264 1450 1292 162.

327 1316 466 1345 Chalinus
495 1317 660 1345 convicium
689 1317 751 1344 seui
782 1317 866 1351 facit,
902 1316 987 1353 quasi
1017 1315 1193 1353 pudicitiam
1221 1325 1303 1344 suam
1333 1317 1451 1343 tentare

327 1368 476 1403 voluisset,
497 1368 650 1405 virumque
669 1367 825 1396 muliebria
841 1368 904 1404 pati
923 1367 1065 1395 iussisset.
1114 1363 1335 1395 Massilienses
1353 1375 1451 1394 mores

327 1429 392 1448 cum
421 1420 504 1456 sequi
534 1419 620 1453 dicit3
655 1429 721 1447 nam
751 1418 892 1447 Massiliae
922 1418 1039 1452 iucolae,
1072 1427 1250 1455 quamquam
1280 1416 1388 1446 Strabo
1411 1417 1451 1445 IV

326 1480 354 1508 p.
387 1470 443 1498 181
476 1471 656 1507 σωφροσύνην
686 1479 786 1498 eorum
822 1469 941 1503 laudat,
977 1472 1075 1497 tamen
1104 1468 1193 1503 vulgo
1223 1468 1452 1497 effeminatiores

327 1521 526 1556 habebantur,
557 1531 582 1549 v.
607 1521 712 1549 Athen.
738 1520 795 1549 XII
818 1530 847 1558 p.
873 1522 932 1549 523
958 1529 986 1548 c:
1025 1521 1219 1547 Μασσαλιῶται
1245 1520 1448 1554 ἐθηλύνθησαν*

327 1573 512 1608 ἀσχημονοῦσι
537 1574 602 1610 γοῦν
626 1573 669 1600 διὰ
694 1573 737 1606 τὴν
760 1575 786 1599 ἐν
813 1574 866 1599 ναῖς
889 1574 993 1609 ψυχαῖς
1009 1573 1152 1606 μαλακίαν,
1176 1572 1219 1598 διὰ
1238 1572 1340 1608 τρυφὴν
1359 1582 1449 1608 γυναι-

327 1625 520 1655 κοπαθοῦντες·
552 1624 619 1651 ὅθεν
649 1624 692 1651 καῖ
721 1625 854 1660 παροιμίαι
883 1624 1030 1659 παρῆλθεν·
1057 1623 1191 1654 [neomut-
1214 1622 1250 1654 εἷς
1278 1623 1450 1650 Μασσαλίαν.

327 1674 446 1703 Suidns:
481 1675 522 1702 'Eu
550 1676 714 1706 Μασσαλίας
744 1675 817 1709 ἥκεις·
846 1674 891 1701 ἐπὶ
922 1675 970 1701 τῶν
1000 1674 1154 1710 θηλυδριῶν
1183 1674 1227 1701 καὶ
1252 1675 1452 1710 τεθρυμμένων,

328 1728 384 1761 παρ’
408 1726 472 1753 iiam*
495 1728 609 1758 ἐκείνους
632 1726 702 1761 φασὶ
725 1726 874 1762 θηλύτερον
897 1726 1081 1757 πολίζεσθαι,
1103 1726 1315 1761 μεμυρισμένιηνς
1338 1725 1383 1752 καὶ
1405 1725 1451 1756 τὰς

326 1779 419 1814 τρίχας
449 1777 656 1813 ἀναδουμένους,
691 1778 733 1805 καὶ
762 1777 806 1804 διὰ
838 1778 931 1811 ταύτην
961 1778 1006 1811 τὴν
1037 1778 1172 1812 μαλακίαν
1207 1777 1377 1813 ἀσχημονιῖν.
1409 1790 1450 1795 ——

323 1826 476 1865 postulcffi,
501 1839 527 1857 v.
553 1828 589 1857 ad
613 1829 717 1866 Amph.
745 1829 814 1857 357.
846 1842 886 1847 ——
917 1829 977 1857 887
1002 1838 1036 1856 ex
1060 1829 1085 1855 A
1109 1828 1281 1866 suppletus,
1307 1837 1396 1866 quum
1421 1828 1451 1855 in

327 1881 433 1908 ceteris
463 1882 492 1908 ct
523 1880 568 1907 liic
599 1889 718 1908 mancus
748 1880 787 1907 sit
816 1882 846 1908 ct
873 1882 941 1917 post
971 1879 1049 1907 hunc
1071 1882 1138 1907 octo
1162 1889 1298 1907 versuum
1323 1879 1450 1916 spatium

327 1933 438 1968 pateat.
483 1930 603 1968 Septem
626 1931 810 1968 septenarios
834 1930 931 1965 fuisse,
956 1931 1029 1958 oxA
1053 1931 1197 1965 novimus,
1221 1930 1304 1958 cuius
1328 1930 1451 1966 vestigia

327 1982 454 2019 primum
479 1981 636 2019 Geppert.‚
667 1981 773 2009 deinde
797 1981 989 2009 Studmnund.
1014 1981 1113 2009 Herm.
1138 1981 1149 2008 I
1173 1990 1202 2018 p.
1228 1981 1287 2009 285
1311 1990 1375 2018 sqq.
1401 1990 1449 2009 ex-

327 2033 455 2061 tricavit.
495 2030 626 2069 periisti
648 2042 752 2061 vorsus
773 2042 862 2060 causa
885 2032 1081 2067 scribendum,
1105 2033 1124 2060 i.
1148 2042 1172 2060 e.
1197 2032 1330 2070 perieris,
1353 2032 1389 2060 cf.
1414 2032 1451 2061 ad

328 2084 412 2121 Capt.
438 2084 509 2112 743.
555 2083 586 2111 Si
610 2084 639 2111 in
663 2083 848 2118 cubiculum,
872 2083 983 2120 inquit,
1009 2083 1148 2117 redieris,
1173 2083 1284 2121 peribis
1306 2083 1450 2120 profecto.

328 2134 452 2171 Propius
480 2144 545 2162 eum
576 2133 657 2162 iubet
685 2134 721 2162 ud
746 2143 777 2162 se
800 2134 949 2168 accedere,
980 2134 1058 2171 quod
1081 2135 1105 2162 si
1129 2135 1239 2168 fecerit,
1265 2143 1328 2162 eum
1353 2143 1445 2171 vapu-
