1596 2478
304 188 343 218 56
823 185 912 212 mauri
1205 185 1237 218 v,
1260 188 1281 217 1,
1301 187 1392 218 48—2‚
1412 187 1428 212 2

713 278 1018 320 Stratippocles

304 322 449 362 Epidice,
473 322 580 354 fateor
602 338 644 343 —

767 375 961 416 Epidicus

672 428 734 460 Abi
758 429 844 460 intro
869 439 908 461 ac
931 429 1006 462 iube
1031 431 1107 462 huic
1131 441 1250 471 aquam
1275 430 1426 463 calefieri.

303 481 421 514 Cetera
443 483 526 514 haec
551 483 712 522 posterius
736 481 811 514 faxo
835 483 942 520 scibis,
968 484 1023 515 ubi
1049 485 1110 516 erit
1134 485 1245 516 otium.

714 535 1024 577 Stratippocles

304 588 448 630 Sequere
472 599 531 627 me,
556 599 650 621 soror
672 589 743 620 hac.

766 643 966 684 Epidicus

726 696 793 737 Ego
818 696 860 728 ad
885 708 944 729 uos
968 697 1204 738 Thesprionem
1226 699 1353 731 iussero
1378 707 1429 733 655

304 750 375 781 Huc
399 751 548 782 transire.
595 750 658 782 Sed
684 754 854 788 memento,
880 751 905 782 si
931 751 1009 792 quid
1034 751 1210 784 saeuibunt
1233 762 1325 784 senes

303 803 482 844 Suppetias
507 803 585 835 mihi
610 814 683 835 cum
708 814 821 836 sorore
846 804 940 836 ferre.

715 857 1018 899 Stratippocles

985 912 1095 944 Facile
1119 913 1203 944 istuc
1227 913 1298 944 erit.

768 965 965 1006 Epidicus

302 1017 469 1059 Thesprio,
495 1019 546 1050 exi
564 1019 646 1050 istac
667 1029 724 1060 per
741 1018 887 1058 hortum;
911 1020 1006 1051 adfer
1019 1019 1151 1051 domum
1165 1020 1320 1052 auxilium
1336 1020 1427 1060 mihi;

303 1072 454 1113 Magnast
476 1083 537 1105 res.
563 1090 603 1095 —
627 1072 762 1104 Minoris
785 1073 888 1104 multo
912 1074 996 1105 facio
1022 1084 1121 1115 quam
1146 1074 1270 1106 dudum
1295 1085 1397 1106 senes.

303 1127 468 1159 Remeabo
491 1127 589 1166 intro,
614 1130 651 1158 ut
675 1126 876 1158 adcurentur
900 1127 1114 1159 aduenientes
1138 1128 1294 1168 hospites.
1379 1136 1430 1161 660

302 1180 427 1212 Eadem
450 1180 533 1212 haec
556 1181 646 1212 intus
671 1180 827 1218 edocebo,
853 1192 936 1222 quae
961 1192 1018 1222 ego
1043 1182 1119 1219 scio,
1144 1181 1407 1222 Stratippoclem.

301 1234 373 1267 Non
398 1234 504 1275 fugi03
540 1234 627 1266 domi
651 1234 766 1266 adesse
791 1238 964 1272 certumst,
988 1245 1093 1275 neque
1117 1235 1172 1267 ille
1197 1235 1285 1267 haud
1310 1235 1429 1267 obiciet

1021 1289 1110 1327 mihi,

302 1341 445 1374 Pedibus
459 1352 530 1373 sese
543 1346 768 1382 prouocatum.
805 1342 894 1373 Abeo
909 1343 1010 1381 intr03
1035 1343 1131 1374 nimis
1152 1342 1281 1383 longum
1302 1342 1427 1383 loquor.

454 1502 734 1534 PERIPHANES.
783 1502 1029 1535 APOECIDES.
1077 1502 1282 1536 EPIDICUS.

742 1588 990 1629 Periphanes

304 1641 416 1674 Satine
439 1641 506 1672 illic
531 1641 624 1674 homo
649 1641 792 1674 ludibrio
817 1653 875 1674 nos
899 1642 1028 1674 uetulos
1054 1642 1239 1683 decrepitos
1265 1642 1346 1673 duos

305 1695 435 1727 Habet?

720 1758 724 1763 -
754 1738 978 1778 Apoecides

414 1792 516 1824 Immo
540 1791 657 1833 edepol
682 1795 717 1823 tu
741 1792 872 1833 quidem
898 1793 1055 1824 miserum
1079 1792 1154 1824 med
1177 1791 1279 1824 habes
1303 1791 1429 1823 miseris

1024 1846 1129 1878 modis
1380 1853 1430 1879 665

373 1948 422 1974 654
442 1947 489 1973 ubi
508 1955 558 1974 om.
577 1946 604 1973 B
678 1948 728 1972 655
747 1946 799 1972 hac
819 1954 861 1972 me
881 1955 960 1972 soror
978 1947 1004 1973 B
1078 1947 1128 1973 656
1148 1947 1266 1973 saeuiuit
1285 1948 1318 1979 A,
1338 1946 1428 1973 saeui-

306 1992 356 2016 unt
374 1989 401 2015 B
472 1998 556 2016 senex
575 1990 601 2015 A
675 1990 726 2015 657
745 1989 861 2022 Supcias
937 1989 987 2014 653
1007 1992 1099 2015 ortum
1170 1989 1220 2015 659
1239 1989 1354 2022 Magnas
1374 1992 1429 2014 tres

374 2031 460 2058 facito
533 2039 617 2058 senex
687 2032 735 2057 661
758 2031 809 2057 hac
829 2031 854 2056 B
925 2032 975 2057 663
994 2031 1084 2057 habeo

576 2073 692 2100 SENES
712 2073 748 2099 11.
785 2073 932 2100 SERVVS.
970 2073 1116 2099 MVLIER.
1134 2072 1161 2099 Β

305 2117 354 2143 664
373 2116 421 2143 ille
439 2116 485 2142 hic
504 2116 588 2142 bomo
609 2116 744 2142 ludribrio
815 2116 865 2141 665
883 2124 926 2141 me
