1596 2478
137 193 186 226 111,
205 194 229 224 2.
249 193 349 219 36—50
600 192 780 219 Menaechmi.
1190 194 1247 223 193

136 287 210 319 Uidi
233 296 337 327 neque
361 286 453 324 noui3
476 296 589 317 uerum
614 291 713 324 certo,
738 286 886 328 quisquis
909 296 952 321 es,

136 342 168 373 Si
192 350 327 382 aequom
350 339 461 379 facias,
485 340 562 371 mihi
587 340 717 372 odiosus
741 352 780 372 ne
803 341 877 372 sies.
1199 348 1250 373 490

578 405 798 437 Peniculus

135 460 205 492 Non
228 470 278 490 me
302 459 443 491 nouisti‘?

550 518 831 551 Menaechmus

488 573 560 605 Non
586 583 707 613 negem,
732 574 758 604 si
782 574 937 605 nouerim.

583 632 800 665 Peniculus

134 687 352 724 Menaechme,
377 687 486 727 uigila.

551 746 832 779 Menaechmus

533 800 640 841 Uigilo
664 801 773 833 hercle
797 802 956 844 equidem,
981 802 1068 843 quod
1092 803 1201 835 sciam.

584 861 802 894 Peniculus

132 915 238 946 Tuum
263 916 443 955 parasitum
467 925 530 947 non
554 916 697 948 nouisti‘?

551 975 832 1008 Menaechmus

743 1030 813 1062 Non
837 1031 897 1062 tibi

133 1084 251 1116 Sanum
276 1089 334 1122 est,
359 1084 558 1123 adulescens,
581 1084 733 1125 sinciput,
756 1087 793 1116 ut
815 1085 976 1126 intellego.

583 1144 806 1176 Peniculus

135 1199 323 1240 Responde:
348 1199 568 1239 surrupuistin
592 1199 684 1230 uxori
707 1202 783 1231 tuae
1202 1208 1252 1234 495

136 1253 257 1284 Pallam
282 1254 386 1285 istanc
410 1253 505 1284 hodie
529 1256 628 1293 atque
652 1263 719 1284 eam
743 1253 863 1285 dedisti
888 1253 1024 1286 Erotio?

548 1313 828 1345 Menaechmus

133 1368 247 1409 Neque
271 1367 379 1399 hercle
404 1378 462 1407 ego
487 1377 620 1399 uxorem
643 1367 759 1406 habeo,
782 1379 888 1409 neque
913 1379 972 1409 ego
998 1368 1108 1400 Erotio

135 1423 217 1454 Dedi
240 1433 299 1454 nec
323 1422 444 1463 pallam
469 1422 631 1463 surrupui.
678 1422 770 1454 Satin
795 1433 894 1454 sanus
919 1425 976 1454 es?

588 1481 802 1514 Peniculus

136 1536 288 1568 Occisast
310 1536 391 1567 haec
415 1547 475 1567 res.
522 1536 593 1568 Non
617 1547 676 1577 ego
701 1540 733 1568 te
756 1536 905 1568 indutum
930 1536 1017 1567 foras

135 1591 231 1622 Exire
254 1590 321 1622 uidi
346 1590 457 1631 palla?

551 1650 834 1683 Menaechmus

506 1705 573 1737 Uae
597 1706 696 1746 capiti
720 1706 792 1737 tuo!
1203 1714 1254 1739 500

135 1759 247 1791 Omnis
272 1759 426 1791 cinaedos
450 1770 520 1792 esse
544 1770 668 1794 censes,
692 1761 769 1800 quia
792 1764 826 1791 tu
850 1761 905 1791 es‘?

134 1814 203 1846 Tun
228 1814 302 1845 med
323 1814 473 1845 indutum
496 1814 595 1846 fuisse
619 1814 741 1854 pallam
766 1814 959 1855 praedicas?

584 1873 804 1906 Peniculus

135 1928 202 1968 Ego
226 1927 333 1959 hercle
356 1938 445 1959 uero.

202 2048 252 2073 489
271 2050 333 2073 orto
353 2046 373 2072 C
437 2047 487 2073 492
506 2047 603 2080 uigilia
622 2046 655 2079 B,
675 2047 771 2080 uigida
791 2046 812 2072 C'
879 2047 976 2073 hercle
997 2046 1019 2073 C
1085 2048 1135 2073 494
1154 2051 1185 2074 ut
1203 2056 1252 2074 om.

135 2090 185 2116 49ss
203 2099 261 2116 eam
282 2098 330 2115 om⁴
393 2091 443 2115 498
462 2090 556 2115 tanam
576 2090 608 2122 Β,
627 2090 723 2115 taliam
743 2090 765 2115 C
824 2089 876 2115 PE.
897 2089 976 2115 Satin
1045 2091 1095 2116 499
1113 2090 1212 2117 Occisa
1230 2091 1252 2115 si

136 2133 185 2158 500
203 2133 291 2169 palam
312 2132 338 2158 B
399 2132 459 2158 ME.
479 2140 528 2158 om.
547 2132 574 2158 B
631 2134 678 2158 501
699 2141 794 2158 senses
814 2132 839 2157 B
897 2133 947 2158 502
966 2141 1008 2158 me
1060 2132 1144 2159 fuisse
1163 2141 1211 2159 om.
1234 2132 1256 2158 C

1019 2188 1048 2212 13
