1596 2478
310 207 349 237 94
827 205 915 230 Plauti
1167 205 1187 234 Ι,
1206 206 1230 237 8,
1249 204 1353 234 38—11.
1376 206 1396 232 1.
1420 207 1428 230 1

310 299 478 340 Peperisse
502 303 645 339 gnatam,
669 302 770 340 atque
794 309 865 331 eam
888 309 922 331 se
947 309 1042 331 seruo
1067 299 1140 331 ilico

309 353 444 385 Dedisse
469 353 702 393 exponendam.
748 352 808 384 Ille
831 352 996 393 eiitemplo
1022 353 1187 384 seruolum
1385 362 1432 387 180

308 407 404 439 Iubet
427 407 518 438 illum
542 407 678 438 eundem
705 407 865 447 persequi,
889 407 915 438 si
941 417 1006 447 qua
1029 410 1129 448 queat

311 461 474 501 Reperire,
499 470 584 501 quae
608 460 787 492 sustulerit.
834 460 872 492 Ei
896 461 943 492 rei
967 470 1053 492 nunc
1076 471 1167 492 suam

308 515 449 556 Operam
474 525 576 555 usque
599 514 740 546 adsiduo
765 524 877 546 seruos
901 514 967 551 dat.
992 515 1017 546 si
1043 515 1164 555 possiet

308 568 513 600 Meretricem
537 567 625 599 illam
649 568 806 607 inuenire,
831 578 927 609 quain
953 567 1029 600 olim
1054 568 1178 606 tollere,

308 622 411 659 Quom
436 622 504 662 ipse
529 621 721 662 exponebat,
745 633 783 654 ex
807 622 934 654 insidiis
958 621 1097 659 uiderat,
1386 632 1433 658 185

307 676 408 711 Nunc.
434 675 521 716 quod
546 675 703 707 relicuum
727 679 840 715 restat,
864 675 940 708 uolo
965 676 1164 716 persoluere,

308 729 350 761 Ut
373 733 579 770 expungatur
603 740 730 767 nomen,
755 741 794 761 ne
817 729 896 771 quid
921 729 1068 762 debeam.

307 783 504 815 Adulescens
530 783 583 815 hic
607 787 658 815 est
683 783 822 825 Sicyoni,
846 784 876 816 ei
899 784 983 816 uiuit
1007 788 1114 824 pater:

309 838 341 869 Is
365 848 474 869 amore
498 837 719 877 proiecticiam
744 838 835 870 illam
859 837 995 879 deperit.

309 892 398 930 Quae
423 891 542 922 dudum
568 890 648 923 flens
673 891 748 923 hinc
772 892 854 923 abiit
877 891 918 923 ad
945 895 1079 923 matrem
1106 902 1213 930 suam3
1385 902 1432 926 190

312 946 351 976 Et
374 945 432 976 illa
455 945 540 976 hunc
564 950 687 982 contra,
712 947 766 987 qui
791 950 841 978 est
864 956 955 977 amor
979 947 1213 977 suauissumus.

309 999 351 1030 Ut
374 1002 450 1030 sunt
474 999 626 1037 humana,
651 1000 732 1031 nihil
756 1004 808 1032 est
831 1003 1025 1041 perpetuum
1049 999 1170 1031 datum.

307 1053 404 1085 Pater
427 1053 630 1085 adulescenti
655 1054 734 1086 dare
757 1054 827 1085 uolt
850 1064 992 1085 uxorem.
1039 1054 1109 1085 Hoc
1132 1053 1187 1086 ubi

307 1107 412 1138 Mater
435 1107 580 1140 resciuit.
605 1107 701 1139 iussit
723 1108 845 1139 arcessi
870 1118 940 1139 eain
964 1108 1106 1139 domum.

308 1160 396 1192 Haec
420 1161 466 1192 sic
490 1171 542 1192 res
565 1165 659 1201 gesta
682 1165 741 1193 est.
788 1161 875 1194 Bene
900 1161 1017 1201 ualete,
1043 1165 1075 1193 et
1098 1162 1219 1193 uincite
1383 1170 1430 1195 195

309 1214 436 1246 Uirtute
460 1225 548 1253 uera,
572 1215 658 1255 quod
682 1215 805 1247 fecistis
829 1216 992 1247 antidhac.

307 1269 446 1301 Sei-uate
469 1274 598 1301 nostros
622 1270 736 1306 socios,
762 1274 891 1301 ueteres
915 1274 948 1301 et
973 1280 1090 1309 nouos;

308 1323 430 1363 Augete
455 1323 576 1354 auxilia
600 1328 715 1355 nostra
738 1324 832 1355 iustis
856 1324 999 1364 legibus3

307 1377 438 1408 Perdite
463 1377 662 1417 perduelles3
687 1378 792 1418 parite
817 1378 947 1409 laudem
971 1382 1005 1410 et
1027 1377 1182 1415 lauream,

308 1430 351 1462 Ut
375 1430 468 1462 uobis
492 1431 570 1462 uicti
585 1431 695 1463 Poeni
720 1442 841 1472 poenas
865 1431 1032 1464 sufferant.
1379 1440 1430 1465 200

689 1627 1042 1660 ALCESIMARCHUS
1405 1627 1429 1659 C

704 1721 1030 1753 Alcesimarchus

305 1774 409 1806 Credo
445 1786 503 1815 ego
539 1786 680 1807 amorem
718 1777 855 1816 primum
891 1775 978 1816 apud
1015 1775 1160 1806 homines
1194 1775 1428 1807 carnuficinam

1021 1831 1236 1860 conmentum.

394 1926 440 1950 179
460 1925 568 1951 Perisse
589 1925 616 1952 Ε
694 1935 752 1952 enm
773 1934 801 1950 se
821 1933 871 1952 om.
890 1926 909 1951 Ι
994 1926 1041 1951 187
1060 1927 1237 1958 expugnatur
1255 1924 1303 1950 IE
1382 1926 1428 1951 188

306 1968 403 1993 sicioni
480 1969 526 1993 190
546 1969 610 1994 dum
630 1968 687 1995 ΒΕ
758 1969 801 1994 191
823 1968 877 1994 huc
895 1968 925 1994 E
1003 1970 1047 1993 194
1067 1967 1170 1993 accersi
1250 1967 1285 1993 ad
1305 1976 1364 1994 eam
1382 1968 1429 1995 ΙΕ

309 2012 354 2036 195
375 2019 418 2036 res
439 2015 519 2042 gestu
539 2011 576 2037 sic
597 2011 629 2039 (si
649 2010 690 2043 E)
762 2012 807 2036 196
826 2011 943 2036 ann-hnc
966 2011 983 2037 Ι
1053 2011 1100 2036 193
1120 2009 1220 2035 uestris
1284 2010 1365 2036 uictis
1383 2010 1431 2037 IE

309 2054 354 2079 199
373 2052 498 2078 laudeam
519 2056 547 2079 et
566 2053 686 2079 lauream
706 2053 764 2079 ΒΕ
862 2054 912 2079 200
933 2053 965 2078 Et
1068 2054 1131 2086 peni
1151 2051 1180 2078 E
1280 2060 1364 2085 penas
1383 2052 1430 2080 IB

305 2095 642 2122 ALCHESIMARCHUS
662 2095 901 2122 ADOLESCENS
923 2095 960 2128 133
979 2096 998 2122 Ι
1013 2095 1104 2122 addit:
1124 2091 1260 2122 Melonis
1285 2091 1366 2124 lena.

304 2138 323 2164 C
342 2146 392 2163 οηι.
413 2138 456 2164 BI
