1596 2478
619 182 648 208 V.
668 183 812 208 359—382.
1213 187 1271 215 145

149 277 250 304 nttulit
273 280 370 305 nutem
391 278 484 306 Accii:
512 279 629 315 „patrio
648 279 783 316 exemplo
803 281 832 306 et
851 288 895 306 me
913 279 1018 307 dicabo
1037 281 1125 317 atque
1144 279 1270 307 animam

147 327 256 356 ‹leuoto
286 327 451 356 liostibus“.
509 329 628 366 Apulei.
653 328 689 356 de
719 328 818 357 herbis
851 331 903 357 75:
942 331 985 364 „si
1016 331 1083 368 quis
1114 330 1272 359 devotatus

147 378 319 416 defixusque
343 379 433 407 suerit
458 380 486 407 in
510 379 570 407 suis
594 378 737 417 nuptiis“.
773 395 814 399 —
849 381 918 408 368.
955 381 1141 418 Olympionis
1169 391 1271 420 preces

148 431 254 458 iterum
273 431 463 467 interrumpit
483 429 631 458 Chalinus.
668 437 783 465 canem,
803 432 913 459 vinculi
927 442 1020 469 genus
1040 433 1109 460 item
1127 434 1161 460 ut
1178 432 1270 467 furca,

147 491 172 508 v.
187 481 222 508 nd
236 480 322 509 Cure..
339 482 407 509 687.
444 481 534 509 Poen.
554 482 625 509 827.
648 496 684 501 -
705 482 774 510 369.
800 480 911 511 sortito
930 493 984 512 em.
1007 483 1144 521 Spengel.
1164 483 1270 511 Philol.

147 531 227 559 XXV
257 542 285 569 p.
313 533 382 560 348.
439 529 574 566 eueniat,
610 542 649 560 sc.
674 536 708 560 ut
737 532 872 561 Casinam
903 534 1017 562 ducam.
1074 534 1273 572 Interrumpit

146 583 309 611 orationem
334 592 493 611 conservus
516 586 546 611 et
568 593 621 611 suo
644 593 725 611 more
750 583 888 612 absolvit.
908 600 948 604 —
966 582 1105 622 pedibus
1121 583 1272 622 pendeas,

146 643 172 661 v.
187 634 223 662 ad
237 635 319 662 Asin.
335 635 405 662 297.
428 649 468 653 —
491 635 561 663 370.
587 630 638 669 At,
663 645 701 663 sc.
726 645 781 672 ego
805 638 886 673 opto.
916 651 950 655 —-
978 634 1083 665 oculos
1106 644 1273 673 emunyare

146 687 212 719 cet„
250 686 284 713 cf.
309 685 396 714 Most.
426 686 520 714 1091:
559 685 669 719 „Immo
699 687 788 713 etiam
820 687 972 715 cerebrum
1003 698 1120 726 quoque
1149 697 1234 716 omne
1257 698 1272 716 e

147 738 242 773 capite
267 737 396 765 emunxti
420 735 516 764 meo“.
563 737 608 764 Ad
635 738 832 765 accusativum
857 738 892 765 cf.
914 738 1012 766 Madv.
1027 738 1078 766 Gr.
1093 738 1157 767 Lat.
1173 740 1233 767 237
1247 749 1270 774 c,

146 787 266 823 Syntnx.
287 787 378 816 Graec.
400 789 437 815 35
463 787 480 814 b
505 797 571 815 ann.
598 789 624 815 3.
652 803 687 806 —
715 787 785 816 371.
811 788 934 817 Bothius
958 789 1083 818 Chalino
1107 790 1198 825 dedit,
1222 791 1271 818 vix

146 841 233 866 recte.
282 838 364 873 Huic,
390 848 479 875 quum
500 841 634 867 eventum
654 840 818 867 sortitionis
836 840 942 868 timere
961 842 1042 870 visus
1060 844 1145 875 esset.
1170 841 1270 878 Olym-

146 890 194 926 pio
219 889 428 917 sollicitudinis
453 890 565 918 nullam
590 899 707 918 causam
733 899 795 918 esse
814 891 900 926 dicit;
924 895 1045 926 certum,
1071 902 1129 920 non
1149 892 1271 921 dubium

145 949 208 968 esse
232 941 321 969 sortis
345 944 492 977 eventum⁷
518 943 551 969 ut
575 943 693 978 pe1-eat;
718 951 810 978 quare
835 951 900 970 eum
926 942 1064 970 hortatur
1081 946 1115 971 ut
1135 944 1271 980 laqueum

144 991 198 1019 sibi
223 994 359 1028 paratum
383 992 499 1020 habeat.
524 1007 565 1011 —-
596 993 666 1020 372.
703 989 790 1021 ambo
813 993 880 1020 edd.
907 1008 946 1012 —-
976 995 1046 1022 373.
1075 991 1218 1031 suspices
1241 996 1271 1023 in

146 1043 168 1070 Β
191 1043 226 1070 ab
252 1044 336 1071 initio
360 1045 501 1080 scriptum
526 1043 658 1077 videtur;
682 1046 787 1080 postea
813 1042 1000 1081 „suspicere“
1026 1046 1154 1079 factum3
1179 1046 1214 1074 ef.
1235 1046 1272 1073 ad

145 1094 250 1130 Amph.
277 1095 347 1123 817,
371 1109 411 1114 -—
437 1095 506 1122 374.
542 1092 637 1129 sorti,
667 1097 777 1123 sortem
802 1094 890 1130 educ,
920 1095 955 1123 cf.
983 1096 1053 1124 392.
1078 1111 1118 1115 —
1142 1096 1188 1125 Ad
1211 1096 1272 1125 haec

144 1144 309 1173 Cleostrata
333 1145 510 1183 respondet:
547 1142 636 1174 Bene
658 1142 751 1180 facis.
809 1146 931 1174 Interim
961 1147 1040 1175 servi
1070 1149 1149 1175 inter
1171 1157 1202 1175 se
1225 1148 1270 1176 lo-

145 1198 286 1233 quuntur.
320 1211 357 1216 —-
393 1193 531 1225 Lucrum
560 1193 653 1232 facit,
689 1197 769 1234 quod
792 1200 822 1224 te
846 1197 961 1234 perdit,
997 1199 1047 1234 qui
1072 1198 1189 1227 domino
1214 1209 1271 1227 non

144 1247 384 1282 emolumentum,
410 1247 462 1275 sed
487 1248 626 1276 damnum
649 1248 699 1276 sis.
730 1263 769 1267 —
803 1249 861 1276 377
886 1258 928 1285 sq.
964 1248 1114 1284 Chalinus,
1139 1251 1186 1277 cui
1211 1250 1272 1278 baec

146 1300 225 1326 recte
249 1298 322 1326 dant
345 1298 400 1331 IE,
425 1309 458 1326 en
483 1309 547 1336 quae
571 1309 665 1336 nuper
689 1300 820 1336 dixerat,
850 1299 970 1327 uberius
999 1301 1150 1338 explicans
1175 1303 1270 1338 optat.

142 1352 175 1377 ut
205 1359 268 1378 sors
304 1350 468 1378 adversarii
502 1360 625 1387 prorsus
657 1353 815 1379 evanescat
846 1353 896 1378 aut
926 1351 1073 1385 solvatur,
1109 1353 1151 1380 sic
1179 1354 1213 1379 ut
1242 1352 1271 1380 in

145 1400 253 1428 sabulis
283 1401 333 1429 illa
364 1401 556 1438 Cresphontis
584 1401 766 1435 Heraclidae,
802 1402 852 1438 qui
882 1411 936 1439 pro
966 1402 1066 1439 lapide
1095 1402 1211 1439 glebam
1241 1404 1270 1431 in

143 1461 245 1480 urnam
271 1462 354 1489 aquae
378 1453 494 1489 plenam
524 1453 706 1487 coniecerat,
736 1462 763 1480 v.
790 1451 925 1490 Apollod.
950 1453 987 1488 ΙΙ,
1014 1454 1041 1487 8,
1067 1454 1097 1483 4.
1148 1450 1212 1482 isia
1236 1463 1270 1482 ex

144 1504 279 1539 proximo
303 1513 389 1531 versu
414 1504 444 1531 in
468 1504 544 1531 hunc
569 1505 697 1531 retraxit
720 1503 806 1532 Both.
853 1500 995 1539 Hercule,
1024 1513 1082 1532 non
1108 1504 1270 1537 Herculeis,

139 1552 309 1591 proynatls
334 1555 435 1582 Latini
459 1554 604 1584 dicebant.
657 1555 752 1590 Quum
782 1564 847 1592 quae
877 1555 927 1582 alii
951 1558 1142 1583 tentaverant
1165 1565 1270 1592 parum

144 1606 358 1639 satisfacerent,
383 1606 487 1642 scripsi
510 1602 645 1634 Hercule
668 1602 743 1634 illis.
770 1621 809 1625 —
836 1606 906 1634 378.
938 1603 1102 1634 delicuerz't
1123 1605 1202 1634 Cam.
1228 1621 1268 1625 ——

147 1657 215 1684 379.
241 1656 410 1694 Olympioni
435 1657 550 1685 dandus
574 1660 633 1692 est;
658 1657 681 1685 B
704 1657 837 1692 Chalino,
862 1656 886 1684 E
903 1657 966 1685 seni
984 1657 1100 1692 tribuit,
1124 1657 1138 1685 Ι
1157 1658 1269 1699 nullam

143 1709 243 1735 notam
278 1708 375 1736 habet.
430 1706 480 1743 ut,
516 1709 558 1735 ita
592 1711 625 1736 ut
658 1708 804 1745 liquescas
838 1711 988 1746 tamquam
1019 1718 1094 1736 cera.
1130 1723 1164 1727 —
1199 1709 1269 1737 380.

143 1756 214 1787 Hoc
236 1765 306 1795 aye,
338 1759 393 1787 huc
423 1758 546 1787 adverte
577 1760 714 1787 animum.
768 1758 842 1787 Eum
871 1762 991 1787 revocat
1020 1759 1056 1787 ab
1080 1760 1271 1788 altercatione

144 1819 209 1838 cum
244 1810 339 1838 altero
373 1820 468 1838 serVO.
504 1825 543 1829 —
579 1807 750 1839 litteratus.
793 1812 975 1847 stigmatiw,
1009 1812 1081 1838 nota
1110 1810 1271 1846 insignitus

144 1861 244 1893 fronti,
279 1861 453 1899 inscriptus,
489 1865 520 1889 ut
548 1861 625 1889 Plin.
650 1861 685 1889 H.
717 1861 751 1889 N.
782 1861 896 1895 XVIII,
934 1862 986 1896 21,
1022 1860 1123 1889 senec.
1152 1861 1188 1889 de
1222 1861 1271 1889 Ira

144 1911 201 1941 ΙΙΙ.
232 1912 258 1946 3.
285 1914 315 1946 ϋ,
347 1912 473 1940 frontem
497 1912 667 1948 litteratus,
702 1916 735 1940 ut
763 1912 907 1950 Apuleius
932 1911 1004 1940 Met.
1029 1911 1080 1946 IX,
1108 1913 1154 1940 12.
1212 1912 1270 1940 Sed

145 1962 253 2000 duplex
277 1963 320 1990 vis
344 1963 438 1992 inesse
461 1964 595 1995 videtur,
625 1966 658 1991 ut
693 1964 778 1991 simul
802 1963 939 2000 peritiam
969 1963 1032 1990 eius
1062 1964 1192 2000 antiquae
1224 1964 1266 1990 hi-

144 2014 242 2041 storiae
266 2013 373 2041 rideat.
397 2028 439 2032 ——
468 2015 538 2042 381.
569 2011 614 2042 sit
635 2014 706 2042 olim
729 2014 927 2042 emendatum.
953 2028 993 2032 ——
1024 2014 1093 2042 382.
1124 2011 1209 2048 Non,
1241 2023 1267 2041 v.

145 2064 182 2092 ad
206 2064 295 2092 Stich.
323 2065 392 2092 394.
418 2080 457 2084 —
482 2062 543 2093 Hic
565 2063 676 2100 uincet,
703 2066 720 2093 i.
746 2075 769 2093 e.
795 2073 859 2100 ego,
882 2075 908 2092 v.
929 2064 965 2092 ad
985 2064 1069 2102 Capt.
1085 2065 1155 2093 334.
1192 2064 1268 2092 Edd.

148 2115 221 2143 male
254 2116 315 2143 seni
350 2115 411 2143 haec
444 2116 595 2151 tribuunt3
629 2116 714 2144 codd.
744 2115 756 2143 I
787 2119 815 2143 et
845 2115 869 2143 E
898 2116 1002 2143 saltem
1038 2119 1117 2144 recte
1147 2115 1270 2144 Chalino

1036 2173 1067 2197 10
