1596 2478
588 196 618 219 v.
637 196 778 221 (ξω-6498,
1180 195 1237 224 291

127 292 229 330 Amph.
259 293 346 320 1083.
390 292 454 320 Aul.
481 292 551 319 404.
593 292 669 320 Meu.
697 292 765 320 583.
808 290 894 318 Poen.
921 291 991 318 642.
1021 300 1086 318 anu.
1117 290 1152 317 ad
1177 289 1239 317 Mil.

131 346 186 372 159
210 347 238 371 et
261 343 365 371 Pseud.
392 344 451 371 898
482 348 511 370 et
535 343 610 370 Rud.
636 344 705 371 203.
738 357 773 362 —
806 344 875 370 668.
914 338 1118 369 Lassitudine
1141 341 1180 376 A,
1209 344 1242 368 ut

127 396 181 424 iam
207 394 284 422 Pius.
329 392 469 431 flemina,
505 397 644 422 tumores.
691 393 771 422 Festi
800 392 854 430 Ep.
885 403 913 431 p.
944 393 999 421 89:
1037 392 1170 428 „flemina
1199 392 1241 420 di-

126 449 240 480 cuntur,
270 456 335 474 cum
360 456 394 473 ex
419 445 518 474 labore
542 447 596 473 viae
619 446 737 481 sanguis
761 444 863 472 defluit
886 445 962 472 circa
985 442 1092 473 talos“.
1138 443 1241 481 Caper,

125 498 261 534 Orthogr.
293 508 322 535 p.
357 497 433 525 1243
464 507 481 524 a
509 496 555 525 Ρ.;
602 496 736 529 „flemina
770 498 852 530 sunt,
887 496 936 524 ubi
971 496 1123 523 abundant
1156 504 1243 523 crura

124 549 297 586 sanguine“.
321 564 361 568 —
387 550 456 576 669.
491 546 571 584 Quot
593 544 658 576 illie
680 544 769 575 homo
792 544 880 575 hodia
903 548 937 582 A,
968 550 1001 575 ut
1024 548 1082 575 iam
1105 546 1242 574 Mueller.

125 615 165 619 —
189 601 258 628 672.
287 599 444 638 „p1·0pius“
472 600 556 628 omisi
579 609 643 627 cum
668 598 786 627 Weisio.
833 599 927 636 Vulgo
945 608 1008 626 cum
1029 598 1172 626 Grutero:
1200 598 1242 631 „si

124 661 216 689 prope
241 654 326 686 astes.
351 649 513 679 calefacit.“
572 650 692 678 Goetz.:
733 659 842 687 „prope
865 650 935 685 siet,
969 652 1052 677 aestu
1076 647 1242 677 calefacit“.

124 703 170 730 W.
195 703 316 739 Wagn.:
346 703 487 740 „propius
510 703 534 730 si
558 705 644 737 astes,
670 700 708 729 i.“

210 755 280 783 673.
304 753 445 792 Epidicus
469 753 546 781 redit
570 754 683 791 optima
705 763 757 791 spe
775 752 968 790 triumphans.
1005 752 1037 779 V.
1054 754 1114 781 608
1128 752 1244 780 dixerat

124 815 159 834 ue
183 806 336 834 duodecim
361 806 431 834 deos
454 805 572 842 quidem
601 814 631 832 se
660 814 779 833 servare
808 814 908 841 posse3
943 804 1015 838 iam,
1051 804 1189 841 quoniam
1213 814 1244 832 se

123 857 236 885 salvum
259 857 355 892 videt,
389 860 499 895 praeter
528 866 578 884 eos
607 857 649 884 ait
676 866 775 884 omnes
804 857 922 883 omnino
953 855 1024 883 deos
1051 856 1107 883 sibi
1131 855 1241 883 adesse.

123 908 231 946 Scripsi
257 908 336 946 quod
359 908 517 946 proposuit
539 907 676 935 Mueller.
695 907 777 935 Pros.
797 918 825 945 p.
849 908 924 935 270:
950 903 1126 935 Duodecim
1155 904 1188 934 di
1215 906 1245 934 et

116 957 195 996 plus
217 967 317 996 quam,
353 969 527 997 quamquam
553 960 614 996 ipse
638 959 718 986 aliud
743 958 832 986 fuisse
855 960 955 995 putat,
991 958 1087 986 velut:
1126 957 1243 993 „Nimio

122 1012 189 1050 plus
213 1021 300 1049 quam
324 1009 498 1048 quantum“.
540 1009 573 1038 R.
588 1009 723 1038 Mueller.
737 1009 888 1038 voluerat:
915 1009 1094 1044 „Duodecim
1113 1008 1143 1037 di
1161 1009 1243 1046 plus-

122 1073 179 1100 que
203 1073 290 1100 quam
314 1064 343 1091 in
367 1063 447 1091 caelo
471 1062 573 1090 adeost
595 1059 838 1090 immortalium.
885 1061 970 1096 Quod
989 1060 1154 1089 Francken.
1174 1070 1243 1097 pro-

122 1115 236 1152 posuit:
265 1114 444 1150 „Duodecim
469 1113 524 1148 dei,
549 1116 692 1150 quantum
716 1114 746 1140 in
765 1113 844 1141 caelo
865 1111 1046 1147 deorumst“‚
1070 1112 1174 1141 saltem
1196 1115 1243 1148 „et

123 1164 283 1203 quantum“
309 1175 372 1194 esse
390 1165 501 1193 debuit.
521 1179 563 1183 —
589 1165 659 1192 674.
684 1161 804 1192 auxilio
826 1163 840 1191 Ι
863 1167 892 1192 et
916 1166 984 1192 cett.
1006 1178 1041 1182 —
1064 1164 1134 1192 676.
1158 1160 1243 1200 Apo-

122 1214 233 1245 lactizo
251 1217 297 1245 vel
316 1213 511 1253 apolactisso‚
529 1215 656 1244 calcibus
670 1215 766 1254 pulso,
784 1214 916 1243 Graecum
935 1215 1057 1244 verbum
1075 1215 1111 1243 de
1129 1224 1242 1243 summo

122 1271 292 1306 contemptu
321 1269 482 1305 vulgatum.
519 1282 558 1286 —
595 1268 664 1295 677.
700 1274 832 1304 quaeras
860 1266 1027 1295 iterandum
1056 1276 1119 1295 esse
1141 1266 1243 1305 plures

122 1319 274 1356 viderunt3
300 1321 328 1348 in
342 1320 485 1348 Alectum
505 1322 565 1347 est:
593 1318 656 1354 „Du
672 1339 889 1347 ...........
903 1328 916 1346 s
935 1317 1091 1355 quaerus“‚
1116 1318 1241 1347 v.Anal.

122 1371 218 1399 Plaut.
247 1382 276 1409 p.
301 1372 349 1400 96.
407 1371 508 1399 Goetz.
542 1368 745 1405 „Dummodo“
779 1371 873 1398 edidit
902 1371 1008 1398 omisso
1038 1371 1069 1398 iu
1099 1370 1242 1407 proximis

124 1422 221 1458 „uel“.
247 1438 286 1442 —
309 1430 377 1451 mea
400 1430 504 1457 causa,
528 1431 581 1459 per
604 1431 658 1454 me.
684 1421 718 1449 cf.
744 1421 822 1450 Men.
850 1423 918 1450 715.
947 1422 1036 1450 1010.
1072 1422 1154 1450 Trin.
1169 1422 1240 1450 979.

121 1473 186 1502 Cas.
212 1474 259 1501 77.
300 1474 406 1502 Pseud.
434 1475 502 1502 123.
532 1488 572 1492 —
607 1474 677 1501 678.
714 1471 838 1510 quaeris
860 1474 883 1502 B
907 1483 973 1507 em..
998 1476 1067 1501 cett.
1098 1488 1139 1491 —
1169 1474 1239 1501 679.

120 1521 218 1553 oculis
240 1523 380 1554 concessi
403 1523 475 1560 tuis,
499 1525 518 1552 i.
533 1536 556 1553 e.
572 1524 607 1551 ab
628 1524 720 1552 oculis
739 1525 808 1552 tuis.
856 1525 1098 1562 Praepositionem
1124 1524 1240 1553 addunt

120 1576 215 1614 Gepp.
241 1572 354 1612 Goetz.{
378 1577 428 1605 vix
450 1577 625 1610 necessario,
650 1585 676 1604 v.
701 1585 767 1604 ann.
794 1575 830 1603 ad
850 1575 956 1613 Amph.
977 1576 1048 1604 213.
1083 1575 1147 1604 Mil.
1169 1576 1240 1604 691.

121 1627 210 1656 Stich.
238 1629 307 1656 360.
347 1628 424 1656 Men.
451 1629 521 1656 835.
556 1642 596 1646 -
632 1628 702 1655 680.
738 1627 850 1655 Praeter
879 1628 1004 1665 primam
1033 1636 1134 1656 vocem
1162 1628 1192 1656 in
1214 1628 1240 1655 A

119 1679 193 1707 nihil
217 1680 288 1707 certi
311 1680 371 1716 legi
394 1681 501 1716 potest.
531 1693 572 1698 —
604 1679 674 1707 681.
706 1677 825 1707 uincire
849 1679 871 1706 B
895 1689 968 1714 em.,
1001 1681 1070 1707 cett.
1095 1694 1131 1698 —
1167 1679 1238 1707 683.

120 1726 223 1767 Ilicet,
251 1741 278 1759 v.
304 1731 340 1759 ad
364 1730 470 1768 Amph.
497 1731 566 1758 334.
596 1745 635 1748 —
672 1727 894 1760 Uadimonium
917 1733 983 1765 cet„
1007 1730 1093 1767 quasi
1117 1730 1152 1757 de
1175 1730 1238 1758 iure

120 1781 343 1820 disceptandum
368 1782 420 1817 sit,
450 1791 494 1809 me
517 1784 669 1818 provocat.
704 1795 744 1800 —
777 1778 855 1816 facit
876 1784 906 1810 et
931 1778 1013 1818 Quin
1036 1781 1077 1816 A,
1113 1783 1146 1809 ut
1169 1781 1238 1810 olim

120 1833 179 1861 alii.
203 1848 244 1853 —
268 1834 338 1861 685.
363 1830 523 1870 deprecari
544 1832 647 1867 Both.;
671 1833 700 1860 in
718 1833 743 1860 A
770 1834 916 1870 „spatium
939 1833 1001 1860 fere
1025 1831 1183 1870 quadrat“.
1200 1847 1237 1851 —

121 1885 191 1913 686.
215 1882 339 1922 Ecquid
360 1882 448 1921 nqis?
471 1895 498 1913 v.
518 1884 555 1912 ad
573 1883 640 1912 Aul.
662 1884 732 1912 628.
757 1899 798 1903 —
823 1881 912 1913 Tuon
935 1879 1096 1918 arbitratu,
1120 1894 1159 1913 sc.
1183 1884 1237 1913 hoc

120 1935 245 1964 faciam?
291 1936 366 1964 Num
395 1939 429 1964 tu
458 1936 528 1964 mihi
552 1935 700 1973 imperas?
734 1951 773 1954 —
808 1943 881 1964 uero
905 1936 944 1970 A,
976 1938 1010 1963 ut
1038 1935 1103 1964 edd.
1128 1936 1196 1964 inde
1221 1946 1237 1963 a

120 1987 182 2016 Pio.
197 2002 233 2006 -
255 1988 324 2016 688.
350 1983 479 2024 tremula,
503 1997 520 2015 a
536 1987 691 2024 trahendo,
709 1987 800 2015 telum
819 1997 840 2016 s.
854 1987 980 2015 iaculum
1000 1987 1090 2015 fuisse
1108 1986 1235 2023 videtur,

119 2040 165 2067 cui
194 2039 271 2067 funis
299 2038 418 2067 additus
449 2041 540 2073 esset,
575 2049 633 2076 quo
662 2039 692 2066 id
722 2038 802 2076 quod
830 2047 999 2076 percussum
1029 2040 1096 2066 erat
1124 2038 1235 2067 retrahi

119 2092 227 2127 posset.
279 2090 341 2118 Hoc
365 2092 394 2118 et
416 2089 525 2118 milites
548 2090 578 2117 in
601 2090 679 2118 bello
702 2090 872 2125 utebantur,
896 2099 922 2118 v.
947 2089 1030 2123 Caes„
1055 2089 1130 2124 Liv.‚
1154 2089 1233 2117 Fest.

118 2140 200 2179 Epit.
224 2151 252 2179 p.
279 2142 353 2170 367:
402 2141 550 2178 „Tragula
583 2151 674 2178 genus
702 2141 768 2176 teli,
804 2140 883 2168 dicta
917 2139 995 2178 quod
1029 2143 1113 2168 scuto
1147 2140 1235 2169 infixa

984 2195 1030 2222 19*
