1596 2478
138 223 171 255 11,
190 225 213 256 3,
232 225 316 250 3—13
612 222 775 248 cistellaria.
1193 224 1250 253 105

546 317 834 349 Phanostrata

462 370 547 409 Quid
570 371 640 411 agis
664 371 738 402 hic?

581 441 606 473 L
616 452 635 473 a
643 452 672 472 m
681 452 701 482 p
709 452 728 472 a
737 441 801 473 dio

766 494 858 532 Quod
883 495 1036 536 gaudeas.
1202 503 1253 530 370

135 600 161 638 Q
189 599 274 631 *dd
335 600 369 631 t?
551 555 826 588 Phanostrata

164 611 196 632 ui
242 611 252 631 1
300 610 333 630 es

584 657 800 699 Lampadio

402 713 485 744 Hinc
508 723 547 744 ex
569 712 659 744 hisce
683 711 820 744 aedibus
845 711 944 752 paulo
970 713 1060 752 prius

135 767 209 799 Uidi
233 771 402 800 exeuntem
426 767 605 798 mulierem.

550 837 575 869 P
583 837 603 868 h
614 847 633 869 a
639 848 659 868 n
668 848 686 868 ο
695 847 709 868 s
718 841 732 868 t
738 847 755 868 r
761 847 780 868 a
787 841 801 868 t
809 848 828 868 a

646 891 749 930 Illam,
772 902 855 932 quae
881 902 985 923 meam

135 946 276 978 Gnatam
301 945 500 978 sustulerat?

581 1014 800 1055 Lampadio

533 1068 612 1099 Rern
636 1072 738 1119 tenes.

566 1139 818 1171 Phaostrata

778 1193 863 1232 Quid
887 1193 1025 1235 postea?

518 1271 522 1275 '
580 1265 800 1306 Lampadio

134 1319 214 1351 Dico
239 1320 277 1357 ei,
302 1329 367 1361 quo
390 1323 487 1360 pacto
510 1329 582 1352 eam
605 1319 646 1351 ab
670 1319 888 1360 hippodromo
911 1319 1048 1350 uiderim

134 1374 253 1406 Erilem
275 1373 376 1405 filiam
399 1377 545 1405 nostram
569 1373 753 1406 sustollere.
1204 1381 1253 1406 375

134 1428 293 1460 Extimuit
314 1431 384 1459 tum
406 1427 472 1459 illa.

588 1499 790 1531 Melaenis

506 1551 628 1584 Horret
652 1564 778 1594 corpus,
804 1563 860 1585 cor
883 1553 974 1592 salit3

132 1608 216 1640 Nam
239 1607 317 1639 mihi
341 1607 383 1639 ab
407 1606 623 1648 hippodromo
648 1608 779 1638 memini
803 1607 913 1639 afferri
937 1606 1106 1648 paruolam

132 1662 286 1700 Puellam,
311 1671 446 1702 eamque
470 1671 520 1692 me
545 1661 623 1692 mihi
647 1672 841 1702 supponere.

550 1731 829 1765 Phanostrata

133 1788 211 1828 Age,
235 1797 341 1828 perge,
365 1797 502 1827 quaeso;
525 1787 654 1818 animus
679 1787 794 1819 audire
817 1787 952 1828 expetit,

134 1841 176 1873 Ut
198 1851 251 1873 res
274 1841 317 1873 sit
340 1844 443 1882 gesta.

589 1901 789 1934 Melaenis

480 1955 612 1986 Utinam
637 1955 751 1986 audire
775 1967 838 1987 non
862 1955 979 1996 queas!
1203 1962 1254 1987 380

217 2081 264 2106 371
286 2080 394 2106 excisce
414 2079 449 2111 B,
469 2080 575 2106 exeisee
593 2079 623 2105 E
753 2081 803 2106 372
821 2079 894 2105 uidei
913 2078 942 2105 E
1073 2079 1206 2113 illamque
1225 2078 1255 2104 E

133 2125 182 2150 373
202 2124 255 2149 iam
274 2131 331 2148 rem
349 2123 370 2149 Ι
435 2123 486 2148 374
504 2121 671 2156 hipodromo
691 2123 817 2155 (semper)
889 2122 938 2148 376
956 2121 1012 2148 PH.
1030 2121 1171 2147 Extimuit
1189 2121 1252 2154 ΒΕ,

134 2166 186 2192 ΡΠ,
203 2166 319 2192 Etimuit
340 2165 360 2192 Ι
413 2165 498 2191 LAM.
509 2166 563 2191 iam
583 2164 677 2191 horret
686 2164 733 2191 ΙΕ
790 2165 840 2191 379
859 2173 946 2198 queso
967 2163 996 2190 E
1049 2165 1099 2190 380
1117 2167 1195 2197 gesta
1215 2165 1250 2190 sit
