1596 2478
619 194 649 218 V.
667 194 809 219 Bevr—sslfi.
1216 191 1276 218 563

153 291 395 327 interrogationis
428 291 543 327 signum
572 290 706 319 additum
737 292 789 318 est.
824 303 860 308 —
892 288 962 317 909.
992 286 1071 316 Cam.
1096 286 1159 315 ed.:
1194 285 1276 324 „Ego

153 343 229 370 enim
265 343 329 370 caui
357 344 445 370 recte.
491 341 550 370 TR.
587 341 659 370 Eam
689 341 759 369 mihi
793 340 882 369 debes
906 340 1030 377 gratiam
1056 340 1147 376 atque
1179 338 1276 366 animo

152 392 247 422 meo“.
294 393 445 422 Acidaliae
479 402 555 421 unus
593 390 784 428 „Quomodo“
822 392 919 430 inquit
957 390 1118 425 „Tranioni
1147 390 1273 427 gratiam

152 445 242 473 ullam
266 445 353 474 debet
377 455 473 480 senex,
499 445 523 472 si
547 445 610 482 ipse
634 447 714 473 recte
739 442 838 472 cavit?
874 443 949 478 Quin
973 443 1030 471 sibi
1050 441 1141 470 debet
1159 450 1274 469 omnem

152 499 240 534 atque
264 497 307 524 ita
330 497 424 525 sensit
448 497 593 534 dixitque:
619 495 683 531 Ego
707 496 784 524 enim
803 495 866 524 cavi
887 498 982 522 recte:
1008 503 1071 522 eam
1090 492 1162 521 mihi
1181 491 1275 520 debeo

151 548 276 586 gratiam
301 550 390 585 atque
414 549 511 576 animo
536 545 631 576 meo“.
680 547 792 575 Ritsch.
817 550 915 575 tamen
935 545 1138 574 camerarium
1156 546 1275 572 secutus

152 602 196 627 est
223 609 304 635 „eam
329 599 418 628 debes
442 597 587 635 gratiam“
614 599 754 634 scribens,
784 598 835 626 sed
859 601 892 626 ut
915 601 983 626 aute
1007 597 1068 625 haec
1092 596 1150 625 duo
1174 605 1276 623 versus

151 651 290 679 dimidios
325 651 468 679 excidisse
502 653 632 687 putaret.
690 649 783 685 Bugg.
820 652 898 678 recte
929 649 1098 686 intelligens
1141 648 1274 685 ineptum

152 712 214 731 esse
238 701 311 730 illud
337 702 427 738 „mihi
451 706 541 739 atque
571 702 670 730 animo
700 699 782 729 meo¹⁴
815 701 876 729 ed.:
915 700 1006 736 „Eam
1037 699 1125 728 debes
1149 700 1275 737 gratiam

151 754 250 782 hercle
291 754 387 782 animo
426 752 522 782 me0“.
586 753 643 781 Sed
674 755 742 780 ante
777 753 875 781 omnia
909 751 1073 780 abiicienda
1106 754 1276 780 correctura.

153 803 298 842 „debes“;
322 815 376 842 ego
400 806 506 843 scripsi
529 811 584 833 vec
607 803 640 833 tu
663 811 730 832 eam
752 800 880 833 habebis
900 800 1044 840 qratiam,
1069 803 1086 830 i.
1112 812 1135 831 e.
1167 812 1219 831 nec
1242 806 1275 831 tu

151 858 214 886 eius
238 857 280 885 rei
305 857 432 893 gratiam
455 856 542 892 feres,
566 860 599 884 ut
622 857 702 893 χάριν
721 855 787 887 ἕξειν
809 855 961 884 Plutarch.
989 854 1072 891 Agid.
1101 855 1146 883 10.
1200 854 1274 882 Tum

150 906 256 937 animo
278 914 344 936 meo
374 911 419 936 est
450 918 532 943 „meo
561 907 681 945 quidem
705 904 832 942 animo“‚
864 906 943 944 quod
973 909 1003 934 et
1033 905 1112 943 apud
1136 905 1274 934 Plautum

150 960 288 997 frequens
313 962 358 988 est
381 962 411 987 et
436 959 515 996 apud
538 959 723 995 Ciceronem;
748 959 854 987 omisso
881 956 1035 996 „quidem“
1069 960 1166 985 exstat
1189 957 1273 986 Curc.

151 1012 221 1040 505.
246 1011 324 1039 Men.
352 1011 422 1039 225.
458 1010 548 1039 Stich.
574 1011 629 1045 423
653 1011 689 1039 cf.
715 1010 786 1038 cist.
813 1011 845 1038 5:
872 1012 924 1044 „ut
947 1018 1030 1037 meus
1059 1011 1104 1037 est
1127 1007 1272 1038 animus“.

151 1063 230 1091 Brix.
254 1063 329 1091 Anu.
353 1062 427 1100 phil.
452 1062 574 1090 CXXXI
598 1071 626 1099 p.
643 1062 718 1090 200:
747 1061 824 1097 „TR.
848 1061 922 1089 Eam
946 1060 1021 1089 habe
1045 1060 1091 1088 dis
1113 1060 1270 1098 g1·atiam.“

148 1129 190 1133 —
214 1115 285 1143 911.
320 1113 380 1142 Rus
415 1113 511 1142 abisse
534 1113 767 1142 Philolachetem
802 1123 861 1141 non
895 1112 1076 1148 audivimus,
1105 1112 1158 1140 sed
1188 1112 1274 1140 facile

149 1166 336 1203 intelligitur,
360 1165 385 1193 si
407 1164 536 1193 urbanas
560 1164 638 1193 aedes
667 1165 832 1202 reliquerit,
857 1165 920 1192 ruri
949 1173 1014 1192 eum
1038 1163 1184 1192 habitare.
1224 1160 1275 1191 abi

147 1224 203 1246 rus
225 1217 255 1245 in
278 1217 303 1245 A
326 1217 435 1245 lectum
459 1218 519 1251 θείς
543 1217 613 1244 item
638 1213 735 1251 iubes,
759 1227 787 1245 v.
812 1215 944 1245 Studem.
975 1215 1134 1252 Festgruss
1163 1225 1193 1253 p.
1219 1216 1272 1252 693

147 1269 177 1297 in
200 1272 365 1297 ceterorum
393 1268 541 1305 scriptura
572 1266 691 1303 „uoles“
717 1268 849 1296 futurum
879 1268 1018 1296 vitiosum
1051 1270 1104 1295 est.
1132 1282 1170 1286 —
1201 1268 1272 1296 912.

152 1316 325 1354 Curriculo.
355 1319 390 1347 cf.
417 1320 486 1348 354.
542 1316 703 1348 Owwiculo
732 1316 818 1354 iube,
848 1322 882 1348 ut
914 1319 1001 1347 Both.
1039 1318 1147 1352 edidit,
1182 1319 1212 1346 in
1247 1318 1273 1346 A

149 1376 204 1400 est.
259 1367 330 1399 iube
358 1368 472 1405 ueniat,
500 1381 527 1399 v.
559 1371 594 1399 ad
623 1370 731 1409 Amph.
758 1372 828 1400 202.
880 1371 960 1399 Pers.
987 1371 1056 1399 602.
1109 1369 1175 1398 Rud
1201 1371 1271 1399 698.

147 1423 214 1451 Ter.
238 1422 314 1451 Eun.
341 1423 411 1451 691.
458 1422 563 1451 Heaut.
590 1423 660 1451 737.
706 1423 760 1451 Ad.
785 1424 856 1451 915.
882 1438 919 1442 -
945 1419 1041 1458 Ilicet,
1073 1431 1100 1450 v,
1126 1422 1196 1450 394.
1231 1436 1272 1440 —

147 1475 207 1503 913
233 1484 276 1512 sq.
322 1473 391 1501 Haec
414 1473 524 1502 Tranio
551 1474 652 1502 abiens
677 1485 784 1503 secum.
829 1471 902 1502 illac
924 1475 958 1502 A.
996 1489 1031 1492 —
1060 1479 1272 1510 conyerrones,

147 1526 276 1554 eiusdem
302 1526 429 1554 convivii
452 1528 502 1553 aut
514 1526 584 1553 vitae
607 1526 779 1563 participes,
793 1526 829 1554 cf.
850 1527 940 1554 1033.
959 1525 1040 1553 Pers.
1066 1526 1115 1554 90.
1151 1524 1270 1553 Trucul.

150 1578 217 1606 104.
264 1577 358 1605 Varro
380 1576 415 1605 L.
440 1577 473 1605 L.
500 1577 562 1612 VII,
596 1578 633 1606 55
663 1587 680 1605 a
702 1579 797 1615 gerris
831 1577 955 1606 derivat.
1009 1564 1084 1604 Eum
1108 1579 1273 1614 sequuntur

146 1629 252 1658 Festus
275 1639 304 1667 p.
330 1629 390 1656 297
415 1631 445 1656 et
467 1629 583 1657 Nonius
606 1630 725 1666 p.118:
753 1632 804 1664 „ut
827 1629 957 1658 collusor
969 1638 1060 1663 meus,
1085 1628 1136 1665 qui
1155 1628 1271 1657 easdem

146 1683 282 1709 exercent
304 1678 434 1716 nugas“;
462 1680 642 1708 recentiores
666 1680 786 1718 quidam
811 1691 827 1708 a
851 1680 1043 1717 congerendo,
1068 1680 1153 1717 quasi
1174 1690 1270 1716 „sym-

146 1732 280 1761 bolarum
299 1730 481 1760 conlato1·es“
503 1731 586 1760 Cure.
607 1732 683 1767 473,
708 1742 744 1760 ne
767 1732 823 1761 hoc
845 1732 963 1770 quidem
986 1735 1078 1765 recte,
1102 1733 1127 1759 ei
1151 1731 1271 1769 quidem

145 1783 270 1821 simplex
301 1780 426 1819 „gerro“
458 1786 555 1811 exstat
587 1783 707 1812 Terent.
738 1783 845 1812 Heaut.
890 1783 980 1812 1033.
1032 1783 1075 1811 Cf.
1099 1782 1215 1811 Brandt
1242 1784 1272 1811 in

143 1835 250 1864 Aunal.
262 1834 334 1872 phil.
349 1833 456 1862 CXVII
468 1844 497 1871 p.
513 1835 583 1863 377.
610 1849 648 1854 --
676 1836 746 1864 914.
772 1835 911 1863 Errorem
936 1835 1125 1872 palimpsesti
1143 1837 1272 1863 testatur

145 1886 240 1925 Gepp.
275 1886 359 1915 Stud.
389 1885 419 1913 II
446 1895 474 1923 p.
501 1887 549 1914 77.
607 1886 679 1915 Post
703 1883 824 1924 quietae
854 1886 954 1914 hiatur
977 1887 1007 1914 in
1030 1886 1159 1922 diaeresi;
1183 1885 1273 1923 atque

145 1940 322 1976 correptum,
356 1947 384 1966 v.
414 1937 531 1974 Proleg.
565 1948 594 1976 p.
625 1939 696 1967 205.
753 1938 786 1966 R.
818 1937 958 1966 Guietum
992 1940 1123 1966 secutus:
1165 1940 1272 1975 „atque

144 1989 221 2018 hunc
243 1988 307 2018 ut“.

231 2041 302 2069 915.
338 2040 385 2068 Ad
409 2039 612 2068 Callidamatis
638 2050 740 2068 servos
764 2050 812 2068 res
835 2040 923 2068 redit.
957 2037 1088 2074 sonim-5¹,
1113 2050 1152 2068 sc.
1171 2044 1224 2075 est,
1244 2051 1270 2068 v.

144 2092 182 2120 ad
194 2092 300 2130 Amph.
317 2092 393 2126 5903
418 2091 470 2120 R.:
496 2091 716 2126 ‚‚sonitust‘⁴.—
741 2089 815 2120 item
840 2091 925 2120 Both.
949 2106 990 2110 —
1015 2092 1085 2120 916.
1110 2088 1273 2120 tibicina-m

143 2143 326 2178 cantantem,
351 2153 389 2172 sc.
413 2143 503 2179 tibiis,
528 2146 563 2172 ut
585 2143 673 2172 Corn.
693 2143 768 2180 Nep.
783 2143 869 2172 Praef.
897 2144 922 2172 1.
943 2142 1047 2181 Epam.
1073 2142 1102 2181 2,
1126 2143 1161 2173 cf.
1183 2142 1270 2181 Epid.
