1596 2478
273 173 334 204 236
782 170 875 198 Plauti
1198 170 1230 204 V.
1248 171 1273 204 9,
1291 171 1394 199 48-56

674 265 958 298 Menaechmus
981 266 996 298 1

856 319 986 352 Fateor.

732 379 764 411 M
773 389 789 411 e
798 390 813 412 s
824 390 838 411 s
847 390 892 412 en
900 380 910 411 i
919 389 937 412 0

1030 422 1090 454 Est
1112 422 1226 455 itidem
1249 421 1331 454 tibi?

666 481 946 514 Menaechmus
969 481 1006 514 II

275 524 344 556 Est.

733 584 935 616 Messenio

371 637 502 669 Patrem
527 637 629 670 fuisse
651 637 818 670 Moschum
842 638 901 670 tibi
925 638 996 670 ais?

674 697 960 730 Menaechmus
983 697 997 729 1

1031 752 1083 784 Ita
1105 761 1193 784 uero.

662 811 949 843 Menaechmus
973 811 1009 843 11
1041 838 1045 841 .

1243 853 1286 886 Et
1309 853 1396 886 mihi.

738 914 940 946 Messenio

277 968 363 1000 Esne
387 971 424 1000 tu
447 967 694 1008 Syracusanus?

674 1027 960 1060 Menaechmus
983 1028 997 1059 1

730 1081 836 1114 Certo.

736 1142 936 1174 Messenio

883 1195 967 1234 Quid
992 1195 1052 1228 tu?

670 1249 952 1282 Menaechmus
975 1249 1011 1281 II

1104 1291 1282 1334 Quippini?

734 1352 938 1384 Messenio

276 1407 416 1448 Optume
440 1416 544 1447 usque
568 1405 674 1438 adhuc
692 1407 891 1438 conueniunt
909 1407 1017 1447 signe-3
1042 1416 1140 1447 porro
1158 1417 1291 1448 operam
1312 1406 1398 1438 date.

276 1460 361 1498 Quid
385 1461 585 1502 longissume
608 1460 794 1497 meministi,
821 1461 873 1492 dic
897 1460 984 1499 mihi,
1008 1461 1039 1491 in
1064 1461 1173 1502 patria
1196 1460 1276 1492 tua?
1333 1468 1398 1494 1091

676 1520 957 1552 Menaechmus
981 1520 994 1552 Ι

275 1572 357 1606 Cum
384 1577 477 1615 patre
501 1577 539 1606 ut
562 1574 628 1606 abii
651 1574 830 1606 Tarentum
853 1574 894 1606 ad
919 1578 1109 1613 mercatum,
1132 1578 1248 1615 postea

275 1628 368 1660 Inter
391 1628 539 1660 homines
563 1638 614 1660 me
638 1628 789 1660 deerrare
814 1639 833 1660 a
857 1632 950 1670 patre
973 1631 1073 1670 atque
1096 1628 1171 1660 inde
1195 1627 1302 1660 auehi.

666 1687 951 1720 Menaechmus
975 1688 1010 1719 II

275 1742 432 1783 Iuppiter,
456 1752 617 1783 supreme,
641 1752 738 1774 serua
761 1752 821 1774 me.

735 1801 941 1833 Messenio

834 1855 920 1894 Quid
945 1855 1088 1887 clamas?
1113 1855 1189 1896 quin
1214 1855 1328 1887 taces?

275 1908 361 1947 Quot
374 1919 447 1941 eras
465 1919 568 1942 annos
587 1913 715 1950 gnatus,
736 1920 833 1950 quom
853 1914 884 1941 te
904 1915 997 1950 pater
1016 1920 1035 1941 a
1052 1910 1159 1951 patria
1172 1909 1308 1941 auehit?
1334 1917 1399 1943 1095

345 2029 409 2054 1089
428 2027 516 2055 Estne
535 2029 562 2055 Β
614 2027 685 2061 Quid
706 2031 736 2054 tu
756 2028 865 2054 scilicet
883 2027 944 2055 ME.
965 2027 992 2054 B
1054 2029 1118 2055 1092
1137 2028 1206 2062 apiit
1225 2030 1351 2054 arentum
1372 2028 1399 2059 C,

274 2070 429 2097 habitarem
450 2074 508 2096 tum
528 2071 554 2098 B
644 2071 708 2098 1093
727 2070 844 2098 abi..B
940 2071 1004 2097 1095
1024 2070 1107 2097 MES.
1127 2070 1199 2103 Quot
1219 2069 1241 2096 0
1325 2078 1398 2096 anno

274 2116 354 2140 natos
375 2113 396 2140 C
465 2122 547 2147 quam
566 2113 594 2140 B
664 2113 740 2140 uehit
759 2114 784 2140 B
