1596 2478
145 199 166 232 Ι,
185 199 211 231 4,
230 196 320 228 6-ΙΙ,
340 198 362 228 1,
383 197 414 222 12
617 194 797 221 Menaechmi.
1201 193 1258 223 175

600 288 812 329 Cylindrus

881 341 982 373 Licet.

146 400 246 432 Cocta
269 401 353 430 sunt.
399 397 479 428 Iube
503 397 550 427 ire
573 395 772 427 adcubitum.

611 455 792 486 Erotium

778 509 858 540 Redi
883 509 955 540 cito.

598 569 814 609 Cylindrus

946 622 1014 654 Iam
1039 633 1097 663 ego
1120 622 1174 654 hic
1196 633 1264 655 ero.

144 822 437 855 MENAECHMUS
451 821 522 861 (II)
537 820 821 853 ADULESCENS.
854 819 1067 851 MESSENIO
1089 819 1252 852 SERUOS

562 915 844 947 Menaechmus

144 972 304 1012 Uoluptas
328 971 419 1002 nulla
443 974 492 1003 est
515 971 646 1008 nauitis,
670 970 840 1007 Messenio,

144 1026 249 1057 Maior
274 1036 344 1056 meo
368 1026 487 1061 auium,
512 1035 608 1066 quam
634 1024 764 1065 quando
789 1035 827 1056 ex
851 1023 918 1054 alto
943 1023 1055 1063 procul
1218 1033 1261 1057 221

143 1080 276 1111 Terram
301 1080 515 1120 conspiciunt.

602 1132 804 1163 Messenio

552 1187 665 1225 Maior,
690 1197 754 1218 non
779 1186 885 1217 dicam
910 1185 994 1223 dolo,

143 1242 174 1274 Si
199 1242 376 1274 adueniens
400 1245 523 1273 terram
548 1242 670 1279 uideas,
697 1251 780 1282 quae
804 1240 903 1271 fuerit
926 1243 993 1271 tua.

144 1296 206 1327 Sed
231 1306 362 1337 quaeso,
388 1306 486 1336 quam
511 1296 551 1327 ob
576 1307 643 1327 rem
667 1306 752 1327 nunc
776 1295 992 1335 Epidamnum
1018 1295 1187 1325 uenimus?

143 1351 190 1381 An
215 1351 308 1391 quasi
333 1361 420 1382 mare
445 1350 546 1381 omnis
571 1350 779 1381 circumimus
802 1349 950 1380 insulas?

566 1403 839 1435 Menaechmus

143 1458 291 1490 Fratrem
315 1459 501 1498 quaesitum
525 1459 688 1499 geminum
713 1468 900 1498 germanum
925 1468 1040 1489 meum.
1214 1466 1250 1491 23

604 1512 806 1543 Messenio

143 1566 223 1598 Nam
248 1567 326 1607 quid
351 1566 437 1598 modi
461 1566 607 1598 futurum
632 1571 683 1598 est
706 1566 798 1597 illum
823 1567 1005 1607 quaerere?

142 1620 202 1652 Hic
225 1631 329 1652 annus
354 1624 479 1652 sextust
502 1624 678 1662 postquam
702 1621 731 1652 ei
755 1621 802 1651 rei
827 1631 960 1661 operam
985 1620 1108 1651 damus.

142 1674 283 1709 Histros,
308 1675 483 1716 Hispanos⁷
508 1675 735 1713 Massiliensis,
758 1675 914 1713 Hilurios,

142 1729 233 1760 Mare
258 1740 412 1770 superum
435 1740 528 1761 omne
552 1729 789 1770 Graeciamque
814 1730 972 1761 exoticam

143 1783 288 1824 Orasque
311 1783 444 1815 Italicas
469 1784 581 1819 omnis,
606 1794 671 1825 qua
695 1783 887 1824 adgreditur
910 1794 1010 1823 mare,
1214 1792 1250 1817 23

210 1887 259 1911 223
278 1885 343 1912 CIL.
359 1893 446 1919 praep.
465 1885 492 1912 Β
560 1885 665 1912 Coacta
683 1885 706 1912 0
766 1886 856 1912 iubire
919 1886 1105 1912 Personarum
1123 1889 1195 1912 ποίεε
1213 1893 1262 1912 om⁴

209 1936 265 1953 ero.
285 1927 482 1954 Menaechmus
501 1937 560 1955 mes
580 1929 656 1955 senio
677 1929 756 1954 taciti
776 1928 802 1954 B
856 1927 979 1954 SENEX
998 1928 1025 1954 B
1079 1928 1265 1955 Personarum

142 1974 218 2002 notae,
238 1974 366 2004 quotquot
383 1971 501 1997 cursivis
520 1971 619 1998 litteris
638 1971 827 2004 eoepressimus,
848 1979 896 1997 om.
968 1972 1017 1996 224
1037 1971 1147 1997 Nullast
1166 1972 1263 2005 uolup—

142 2015 184 2038 tas
203 2013 253 2039 Bc
334 2015 384 2039 225
404 2023 485 2047 quam
505 2019 569 2047 qum
588 2014 623 2047 B,
643 2023 725 2047 quam
745 2023 808 2047 qum
830 2014 852 2040 G
936 2015 985 2039 226
1005 2014 1085 2039 dolor
1103 2013 1130 2039 B
1215 2015 1246 2039 22
1257 2014 1270 2038 ’ἶ

142 2054 226 2088 Quam
246 2056 269 2081 si
364 2057 414 2082 228
433 2057 460 2082 iu
480 2057 659 2089 epidamnum
677 2057 711 2089 B,
731 2057 909 2090 epidamnum
930 2057 952 2083 G
1046 2058 1095 2083 232
1115 2059 1208 2083 sextus
1228 2057 1255 2083 A

142 2102 235 2125 sextus
255 2102 298 2125 est
315 2098 367 2125 BC
449 2102 595 2132 postquam
615 2100 655 2125 ire
675 2100 702 2125 hi
723 2107 834 2132 operam
923 2101 973 2126 234
992 2108 1149 2133 supremum
1170 2100 1196 2126 B

144 2142 317 2175 gretiamque
335 2141 361 2167 Β
