1596 2478
148 205 203 239 111,
226 209 247 239 1,
266 207 342 239 8-2‚
361 207 377 232 6
636 203 779 238 Epidicus.
1229 207 1265 236 31

557 298 862 339 Stratippocles

149 355 232 394 Quid
251 354 343 385 illum
363 353 471 385 facere
490 354 548 391 uis,
573 354 638 394 qui,
659 353 718 384 tibi
740 353 818 393 quoi
839 352 974 384 diuitiae
993 352 1079 384 domi
1101 362 1272 384 maxumae

865 410 950 444 sunt,

149 463 268 495 Amicis
288 472 453 493 nummum
471 461 597 492 nullum
616 459 726 498 habes,
746 470 804 491 nec
823 460 927 492 sodali
946 464 1002 492 tuo
1021 461 1053 492 in
1074 464 1104 491 te
1126 461 1274 501 copiast?

569 512 847 545 Chaeribulus

149 571 181 604 Si
205 570 313 602 hercle
334 569 480 606 habeam,
505 568 659 610 pollicear
677 568 810 604 lubens;
834 578 946 599 uerum
967 568 1144 610 aliquando
1163 568 1276 610 aliqua

866 622 977 662 aliquo
1003 623 1098 654 modo
1225 631 1273 658 331

151 678 308 710 Aliounde
333 678 374 709 ab
399 677 499 719 aliqui
524 676 636 717 aliqua
656 676 715 708 tibi
734 686 808 717 spes
829 681 879 707 est
896 675 964 707 fore
983 676 1081 708 aliam
1100 677 1274 709 fortunam.

561 730 866 771 Stratippocles

150 787 218 819 Uae
241 787 311 824 tibi,
336 785 495 817 muricide
518 785 631 816 homo!

573 838 850 870 Chaeribulus

667 893 728 931 Qui
752 894 812 924 tibi
835 893 928 925 lubet
952 893 1030 924 mihi
1053 893 1138 924 male
1162 893 1276 933 loqui‘?

561 947 866 988 Stratippocles

151 1004 277 1044 Quippe
306 1007 341 1035 tu
365 1002 444 1034 mihi
468 1002 592 1043 aliquid
615 1002 727 1042 aliquo
751 1001 847 1033 modo
872 1001 1022 1032 alicunde
1046 1001 1087 1033 ab
1112 1001 1277 1041 aliquibus

869 1055 979 1093 blatis,

152 1111 245 1149 Quod
268 1115 470 1151 nusquamst,
500 1120 606 1152 neque
637 1120 697 1151 ego
721 1110 755 1141 id
778 1110 908 1141 inmitto
932 1111 965 1141 in
989 1120 1085 1141 aures
1110 1120 1207 1141 meas.
1227 1118 1278 1144 335

151 1166 218 1197 Nec
252 1165 330 1196 mihi
367 1165 439 1205 plus
473 1164 652 1196 adiumenti
688 1164 759 1202 das,
796 1174 893 1204 quam
924 1164 979 1196 ille
1008 1165 1063 1204 qui
1098 1174 1278 1204 numquam

870 1219 970 1250 etiam
994 1222 1116 1250 natust.

321 1376 518 1409 EPIDICUS
544 1375 718 1408 SERUOS.
765 1374 1107 1407 STRATIPPOCLES

368 1430 680 1469 CHAERIBULUS‚
726 1428 1072 1461 ADULESCENTES.

615 1518 817 1560 Epidicus

154 1573 274 1605 Fecisti
297 1574 362 1605 iam
386 1573 527 1606 officium
551 1577 662 1613 tuum;
692 1584 742 1605 me
766 1583 873 1605 meum
896 1583 981 1604 nunc
1004 1571 1113 1604 facere
1137 1576 1279 1613 oportet.

153 1627 216 1659 Per
233 1628 316 1659 hanc
337 1638 448 1660 curam
467 1630 580 1669 quieto
593 1628 654 1660 tibi
668 1628 744 1659 licet
757 1638 844 1666 esse3
868 1627 930 1658 hoc
944 1627 1076 1668 quidem
1090 1627 1154 1658 iam
1168 1627 1277 1667 periit,

152 1681 200 1713 Ne
224 1683 304 1722 quid
332 1682 392 1714 tibi
422 1683 496 1714 hinc
524 1683 556 1714 in
580 1693 672 1723 spem
697 1683 730 1713 tu
753 1681 885 1719 referas,
911 1681 1034 1722 oppido
1058 1681 1120 1713 hoc
1144 1681 1277 1722 pollinc-

869 1739 939 1767 tum
963 1738 1023 1767 est.

156 1788 268 1829 [Crede
292 1791 387 1822 modo
410 1791 505 1829 mihi3
529 1791 575 1822 sic
598 1801 657 1830 ego
681 1800 752 1831 ago,
777 1790 824 1821 sic
847 1792 985 1831 egerunt
1007 1788 1138 1829 nostri]
1230 1797 1280 1823 340

154 1843 215 1876 Pro
239 1845 271 1875 di
295 1845 498 1882 inmortales,
523 1845 601 1876 mihi
624 1844 712 1876 hunc
737 1844 822 1875 diem
845 1845 881 1876 ut
903 1844 1040 1875 dedistis
1061 1843 1278 1875 luculentum!

156 1898 198 1929 Ut
215 1898 344 1930 facilem
363 1902 461 1940 atque
479 1898 724 1939 inpetrabilem!
761 1897 825 1930 Sed
844 1908 903 1938 ego
921 1898 998 1930 hinc
1017 1899 1157 1938 migrare
1176 1908 1281 1935 cesso,

221 2017 273 2046 329
290 2017 363 2044 ferre
467 2019 519 2044 340
536 2017 564 2043 Is
582 2017 770 2044 numinullum
875 2018 923 2043 331
944 2025 1042 2044 uerum
1061 2016 1169 2050 aliquid
1186 2016 1280 2050 aliqua

154 2061 204 2087 332
220 2061 370 2087 Allicunde
436 2060 497 2088 foro
514 2069 624 2087 mecum
641 2061 785 2087 fortunam
852 2061 903 2086 334
922 2060 986 2086 latis
1057 2060 1107 2086 336
1125 2059 1280 2086 adiumenti

154 2103 232 2130 ades.
274 2104 323 2129 337
343 2107 374 2130 tu
385 2106 472 2129 tuum
526 2104 578 2130 338
595 2104 669 2137 perit
722 2104 772 2130 339
790 2102 876 2136 Niqui
894 2103 946 2129 tibi
1000 2105 1030 2129 tu
1049 2110 1099 2129 om.
1148 2102 1281 2136 pollitum

154 2147 272 2172 340—47
289 2150 390 2179 septem
408 2147 534 2173 uersibus
603 2147 651 2172 341
673 2146 747 2173 diem
766 2145 872 2172 dedisti
889 2146 1065 2173 loculentam
