1596 2478
318 161 378 192 334
784 159 964 187 Mostellaria.

315 254 441 286 Mirum
471 254 563 293 quin,
599 267 625 285 v.
650 257 686 285 nd
716 256 822 294 Amph.
849 258 919 286 743.
954 271 995 276 ——
1029 257 1101 286 484.
1135 253 1250 286 abhinc
1275 255 1438 295 sexayinta

315 306 420 343 annis,
445 309 463 336 i.
489 319 513 336 e.
537 311 605 336 ante
629 307 683 336 LX
706 318 808 342 annos,
832 309 868 336 cf.
889 307 1044 336 Cic.Verr.
1060 308 1097 343 11,
1120 309 1168 342 52,
1191 310 1265 338 13οε
1291 309 1438 342 „comitiis

314 361 372 388 iam
408 359 515 387 adhinc
549 359 654 387 diebus
688 358 772 387 XXX
807 359 922 387 sactis&
986 360 1083 389 Madv.
1108 359 1332 397 Bemerkungen
1364 360 1439 388 fiber

315 411 428 439 ven-sch.
456 410 486 438 P.
512 410 540 437 d.
566 411 614 438 lat.
640 410 773 447 Sprachl.
798 420 826 448 p.
847 412 884 438 65
909 420 951 448 sq.
999 410 1066 439 Lor.
1082 411 1164 439 adlit
1182 410 1328 438 Ammisn.
1342 410 1437 444 XXX,

315 464 344 494 4,
373 463 419 490 12.
475 461 633 490 Abraham.
670 471 696 499 p.
728 462 788 489 232
823 463 1020 490 accusativum
1058 463 1190 498 postulat
1224 465 1258 490 ut
1291 461 1355 490 Cas.
1386 462 1436 490 39.

314 514 417 542 Bacch.
444 513 514 542 385.
549 511 639 540 Stich.
668 513 735 540 140.
772 512 858 541 Truc.
885 513 955 541 338.
978 527 1012 532 —
1038 513 1109 541 485.
1135 511 1234 549 inepte
1256 509 1371 541 stultus
1394 520 1437 549 es,

315 566 349 593 cf.
365 565 440 593 934:
469 574 568 599 „erras
591 562 751 600 peruorse“
773 567 802 592 et
826 563 1028 593 adAu1.306.
1075 563 1183 591 Labem
1207 563 1261 592 hoc
1284 564 1347 592 loco
1367 574 1436 592 con-

314 618 447 644 traxerat
471 615 535 643 cod.
555 614 731 652 archetypus
754 624 806 651 per
833 615 919 652 plura
939 614 1010 642 folin
1027 616 1234 652 pertinentem,
1258 615 1438 653 laeuumque

313 667 418 695 similis
442 667 572 694 ambitus
596 669 664 702 post
681 666 798 694 vicenos
818 666 877 694 fore
897 675 1000 694 versus
1018 665 1116 693 redire
1135 665 1276 701 videmus,
1302 667 1436 696 506—7.

315 717 471 749 526-27.
504 717 659 750 543—44,
691 717 846 750 563-65,
876 717 1031 745 586—88.
1088 716 1122 745 R.
1146 716 1299 754 suppleuit
1324 717 1436 752 „Theo-

312 768 471 806 propides“
509 771 540 795 et
573 767 695 796 deiude:
735 777 828 805 „quse
862 768 906 796 illi
941 768 990 796 ille
1025 769 1121 805 inquit
1155 763 1317 797 mortuos“.
1379 767 1436 797 Sed

316 819 449 856 „inquit‘¹
475 828 598 856 pravum
624 823 683 854 est;
713 819 851 856 equidem
876 819 963 847 credo
986 816 1021 847 in
1046 817 1146 855 quiete
1169 819 1271 854 fuisse,
1295 821 1330 847 ut
1351 818 1435 848 Cure.

313 871 391 905 272,
426 871 553 908 indeque
582 870 733 908 profectus
763 871 910 908 supplevi.
967 870 1087 904 Muell.,
1122 869 1216 906 Bugg.
1246 879 1305 899 uno
1333 879 1435 898 versu:

315 921 485 956 „Interdum
509 922 630 959 ineptis.
664 921 726 950 ΤΗ.
750 921 853 950 Taceo.
896 921 957 950 TR.
981 921 1039 949 Sed
1063 930 1147 955 ecce,
1178 930 1254 958 qune
1282 921 1332 950 ille
1364 921 1436 950 aiv‘.

313 987 352 992 —
381 973 453 1001 487.
484 969 680 1009 Diapontius
709 972 808 1001 fictum
839 982 944 1000 nomen
975 973 1050 1001 idem
1075 972 1155 1010 quod
1181 972 1433 1006 „transmarinus“

311 1023 489 1061 significans.
510 1039 546 1042 —
569 1024 640 1052 488.
666 1023 737 1052 Post
749 1019 852 1052 habito
865 1023 976 1058 hiatus;
1003 1023 1053 1051 R.:
1081 1023 1201 1059 „dedita
1213 1024 1285 1052 haec
1297 1023 1436 1059 mihist“;

311 1075 412 1104 Muell.
441 1073 532 1110 „ego“
560 1075 628 1103 add.
653 1089 694 1093 —
718 1076 789 1103 489.
812 1071 1029 1108 Acheruntem,
1054 1084 1079 1103 v.
1101 1075 1137 1103 ad
1157 1075 1263 1113 Amph.
1280 1076 1370 1104 1022.
1395 1090 1437 1094 —

311 1127 382 1155 490.
401 1126 601 1162 praemature
623 1123 691 1154 uita
714 1133 811 1161 careo,
837 1129 870 1153 ut
893 1125 1021 1154 nondum
1046 1127 1130 1163 quasi
1154 1126 1235 1154 locus
1259 1125 1297 1155 ibi
1323 1126 1385 1155 fato
1409 1128 1436 1155 ei

310 1178 350 1206 sit
373 1177 474 1212 dutus,
505 1178 668 1215 praesertim
693 1178 779 1206 iustis
802 1186 860 1206 non
884 1178 987 1211 factis,
1023 1188 1049 1205 v.
1074 1178 1146 1206 492.
1181 1191 1222 1197 —
1249 1184 1310 1214 per
1331 1174 1435 1214 fidem,

310 1227 346 1256 cf.
371 1227 429 1256 Cic.
454 1227 568 1256 Invent.
593 1228 615 1263 I,
649 1229 703 1262 39,
736 1229 791 1256 71:
830 1229 900 1266 „qui
935 1238 988 1257 uos
1023 1238 1078 1266 per
1112 1228 1198 1256 fidem
1235 1226 1434 1257 fefellerunt“.

310 1278 382 1307 Caes.
408 1278 440 1307 B.
459 1278 494 1307 G.
514 1279 536 1313 1,
561 1280 611 1313 46,
636 1280 663 1307 3.
698 1279 763 1308 Liv.
782 1279 803 1313 Ι,
829 1280 857 1314 9,
884 1280 932 1307 13.
956 1279 993 1308 al.
1018 1293 1058 1298 —
1082 1280 1154 1308 491.
1177 1286 1225 1307 me
1247 1276 1297 1308 hic
1319 1283 1434 1318 transp.

310 1329 408 1358 Guiet.
435 1344 472 1349 -
497 1330 570 1358 492.
595 1329 704 1358 Versus
728 1340 764 1358 ne
788 1331 868 1359 iusto
892 1331 1010 1367 longior
1033 1332 1081 1365 sit,
1105 1327 1220 1359 ibidem
1243 1330 1278 1358 R.
1301 1331 1434 1360 sustulit.

309 1394 350 1399 ·—·
373 1381 445 1409 494.
469 1380 500 1409 Si
523 1380 586 1409 haec
608 1382 729 1418 scripsit
752 1380 882 1416 Plautus,
915 1382 1038 1409 alteram
1063 1382 1144 1410 vocis
1168 1378 1324 1410 Sceleslae
1345 1382 1434 1419 sylla-

309 1431 374 1460 bam
399 1433 553 1469 corripuit.
599 1431 708 1464 Guiet..
733 1432 784 1460 R.:
823 1432 989 1468 „Scelestse
1018 1432 1089 1461 haec
1117 1431 1237 1462 aedss“.
1266 1447 1309 1453 -—-
1338 1430 1435 1469 impia

309 1482 388 1511 Pius.
413 1497 452 1502 —
477 1483 549 1511 495.
573 1483 710 1512 monstra
734 1483 804 1512 olim
829 1482 1026 1512 emendatum.

395 1534 466 1562 496.
503 1531 541 1562 St
563 1531 614 1562 st!
651 1534 797 1563 Gruterus
827 1544 898 1567 em..
934 1534 1013 1571 quod
1048 1537 1132 1563 extra
1166 1544 1268 1564 versus
1302 1545 1433 1573 pronun-

307 1585 452 1614 tiandum.
509 1585 726 1623 Theopropidis
761 1585 836 1614 hanc
869 1585 1114 1614 exclamationem
1148 1595 1226 1621 esse,
1261 1586 1338 1615 vidit
1370 1585 1434 1614 Rit-

307 1635 452 1671 schelius3
481 1636 505 1664 B
528 1646 721 1675 personarum
746 1639 831 1665 notas
860 1646 914 1674 per
943 1637 1096 1674 proximos
1125 1646 1226 1665 versus
1254 1637 1387 1672 invertit,
1412 1637 1434 1666 C

308 1697 400 1716 vacua
423 1688 519 1725 spatia
542 1687 672 1725 reliquit.
718 1688 794 1716 Dum
819 1689 897 1715 enim
916 1687 1025 1716 Tranio
1049 1688 1204 1726 superiora
1223 1690 1334 1723 narrat,
1357 1691 1434 1716 stre-

307 1739 388 1776 pitus
422 1740 504 1767 intus
538 1739 623 1776 quasi
657 1739 805 1777 crepantis
835 1739 929 1766 ianuae
959 1738 1087 1767 auditur.
1144 1738 1218 1767 Nam
1249 1738 1434 1768 Philolaches

307 1790 415 1818 timore
438 1791 568 1825 agitatus
591 1799 656 1818 cum
680 1799 766 1818 servo
790 1799 843 1818 suo
867 1789 996 1827 colloqui
1019 1790 1112 1828 cupit,
1136 1799 1170 1818 ac
1194 1790 1298 1825 ianua,
1328 1793 1433 1827 utpote

307 1842 490 1869 extrinsecus
519 1840 632 1875 clausa,
668 1841 748 1869 intus
777 1841 828 1868 ills
852 1841 972 1877 quidam
1001 1841 1112 1878 aperiri
1142 1850 1199 1869 non
1231 1843 1345 1878 potest,
1380 1840 1432 1869 sed

307 1891 493 1926 adolescens,
524 1894 557 1919 ut
579 1891 738 1920 Tranionis
768 1891 897 1919 animum
921 1891 1067 1926 advertat,
1090 1892 1249 1929 strepitum
1274 1901 1331 1920 non
1354 1892 1432 1920 absi-

306 1942 404 1970 milem
429 1942 508 1970 fucit.
565 1942 650 1977 Quod
679 1943 730 1970 ubi
758 1951 847 1970 senex
879 1942 1008 1976 audivit,
1043 1952 1147 1971 servus
1171 1943 1309 1980 praesenti
1333 1944 1432 1971 animo

307 1993 426 2021 credere
450 2003 481 2021 ss
504 1994 631 2028 simulat,
657 1996 804 2021 mortuum
828 1993 910 2021 illum
935 1994 991 2021 ium
1016 1994 1204 2030 proditurum
1223 2002 1299 2027 esse,
1323 1996 1356 2021 ut
1373 2002 1430 2027 eos.

306 2045 357 2081 qui
371 2045 498 2081 quietem
513 2054 595 2072 sunm
608 2044 790 2079 turbassent,
811 2048 949 2073 arcessat.
964 2058 1004 2063 —-
1023 2045 1094 2072 497.
1119 2041 1236 2073 Hicine
1256 2042 1432 2081 percussit?

306 2094 376 2123 Hoec
409 2094 592 2130 Joergensen
626 2092 791 2132 (Tidskrist
814 2095 833 2124 f.
869 2094 1017 2132 Philologi
1055 2094 1092 2124 VI
1126 2105 1154 2132 p.
1193 2092 1246 2130 60)
1288 2098 1318 2123 et
1350 2095 1431 2124 Brix.
