1561 2473
609 197 639 222 V.
659 199 801 224 583—607.
1207 202 1265 231 421

152 294 273 329 inflixit,
310 295 370 323 liaec
399 294 491 330 dicat;
527 296 562 323 cf.
592 296 667 323 infru
699 296 768 324 616.
825 295 931 324 Pseud.
961 296 1027 324 154.
1083 295 1174 324 Stich.
1199 297 1269 325 764.

150 350 249 374 annot.
274 346 310 374 ad
329 346 408 374 Asin.
429 346 498 374 436.
521 361 560 365 —
585 348 654 375 593.
678 346 746 383 pote
770 346 903 375 Lindem.
929 357 995 382 em.,
1019 357 1046 375 v.
1061 347 1097 376 ad
1116 347 1182 376 Aul.
1198 348 1269 377 301.

151 412 191 416 —
222 398 292 425 505.
322 393 431 432 Aulion
456 408 482 425 v.
509 397 545 425 ml
571 398 634 426 Aul.
660 399 729 426 «530.
771 395 976 434 palpationes,
1007 398 1041 426 cf.
1067 398 1173 436 Amph.
1199 400 1269 428 503.

150 448 325 483 Matronain,
360 459 417 477 non
452 450 625 486 parasitum,
661 450 721 478 haec
753 450 850 478 dicere
880 450 912 478 R.
945 451 1074 486 censuit,
1110 460 1202 488 eaque
1234 450 1270 479 de

150 510 237 528 causa
264 500 390 537 „Pergin
414 502 487 528 tu?‘“
513 501 640 538 scripsit.
697 500 726 529 Si
758 500 843 529 codd.
874 502 1041 538 sequimur,
1073 501 1270 531 Menaechmus

149 552 327 589 parasitum,
363 561 448 589 quem
479 562 567 589 quum
599 553 724 580 maxime
755 553 992 580 commemoravit
1023 549 1148 590 (hunc),
1182 563 1270 582 manu

149 603 335 631 familialiter
356 604 469 640 attigit,
494 604 541 631 hic
560 605 653 632 iratus
672 604 902 632 familiaritatem
916 605 1031 641 respuit
1044 608 1270 643 matronamque

150 655 294 690 hortatur,
319 658 351 682 ut
374 655 403 682 in
428 657 522 683 virum
548 655 642 683 invehi
668 659 782 693 pergat,
808 655 843 682 cf.
866 656 936 684 599.
956 670 996 674 —
1017 656 1086 683 596.
1111 652 1181 685 Scit
1203 656 1269 686 edd.

149 721 190 725 --
221 708 290 735 597.
325 706 462 734 Matrona
492 708 586 735 virum
618 709 714 744 ipsum
737 700 911 735 'maleficium
943 707 1030 735 fateri
1054 707 1134 743 vult;
1170 709 1270 746 itaque

149 758 326 787 sententiam
351 759 496 795 inceptam
521 759 719 796 interrumpit.
769 755 902 794 Quidam
919 754 1048 794 pallam,
1075 768 1112 787 sc.
1135 759 1270 788 abstulit.

150 809 344 838 Personarum
369 813 453 838 notas
478 813 556 838 recte
581 810 733 838 distribuit
756 809 910 838 Gruterus.
963 809 1030 838 Bu:
1065 809 1178 845 „MEN.
1203 810 1270 839 Pal-

151 861 230 889 lam?
254 861 394 898 quidnam
419 861 526 899 pallam
535 860 569 888 ’.Ν
615 861 672 890 Sed
692 861 848 890 dicendum
868 864 932 889 erat
948 859 1074 899 ,‚quid?“
1089 871 1148 890 nou
1165 863 1268 900 „quid-

150 913 302 941 nam“.—-
322 914 391 941 598.
418 913 613 942 Menaechmus
637 915 693 942 iam
718 913 885 948 intelligens
909 923 970 941 rem
994 913 1173 950 patefactam
1197 924 1269 950 esse,

150 965 301 1004 pallescit3
326 964 377 993 sed
401 974 489 1002 quum
514 964 568 993 hoc
590 966 738 1002 parasitus
763 964 989 999 animadvertat,
1014 968 1103 1001 negat
1126 975 1268 1003 pavorem

149 1027 267 1045 causam
296 1026 373 1051 esse3
409 1016 529 1044 turbato
564 1018 663 1045 animo
697 1016 820 1045 ridicule
851 1019 973 1044 excusat
1002 1016 1111 1053 pallam
1145 1021 1271 1055 propter

149 1069 228 1097 vocis
257 1068 481 1096 similitudinem
510 1068 651 1104 pallorem
683 1067 808 1096 efficere.
859 1074 963 1103 paueo
986 1067 1049 1096 cod.
1074 1068 1109 1104 D,
1139 1069 1204 1098 edd.
1229 1085 1271 1089 —

148 1117 213 1148 nisi
236 1127 339 1154 cenum,
365 1119 399 1148 cf.
425 1119 488 1147 Mil.
516 1121 565 1148 24.
589 1123 689 1148 annot.
714 1119 752 1147 ad
776 1119 841 1146 Aul.
869 1120 938 1147 357.
962 1134 1003 1138 —
1033 1120 1103 1148 599.
1133 1127 1171 1148 ne
1193 1117 1271 1149 clam

148 1172 217 1200 olim
241 1171 437 1199 emendatum.
488 1178 654 1203 comesses,
690 1170 841 1199 comedere
871 1171 1008 1199 debuisti.
1061 1169 1271 1201 Coniunctivus

147 1224 275 1252 iussivus
298 1226 352 1259 est,
377 1233 403 1251 v.
428 1222 526 1250 Madv.
553 1222 649 1251 Grani.
671 1222 736 1250 Lat.
762 1223 820 1250 251
847 1232 912 1250 ann.
933 1223 951 1250 4
971 1224 1002 1250 et
1020 1222 1056 1250 ad
1075 1222 1134 1252 Cic.
1149 1223 1212 1252 Fin.
1233 1224 1270 1260 11,

152 1276 198 1311 12,
225 1276 278 1310 353
302 1274 424 1302 Plautus
444 1274 657 1312 imperfectum,
681 1284 738 1302 non
759 1274 1080 1312 plusquamperfectum
1101 1275 1142 1303 sic
1160 1285 1271 1312 ponere

149 1327 316 1360 consuevit,
351 1337 377 1354 v.
410 1326 501 1362 Bugg.
526 1326 555 1353 in
579 1325 684 1362 Opusc.
710 1325 747 1353 nd
770 1325 894 1361 Madvig
916 1335 944 1362 p.
973 1326 1041 1353 176.
1087 1326 1166 1355 Trin.
1194 1329 1270 1357 134:

153 1378 235 1413 „Non
266 1387 319 1415 ego
349 1378 391 1405 illi
424 1380 575 1413 argentum
607 1374 802 1405 redderem‘?“
863 1376 944 1405 Pers.
977 1377 1051 1405 707:
1089 1377 1178 1413 „Cras
1212 1381 1271 1409 ires

147 1430 263 1469 potius;
297 1429 384 1457 hodie
415 1429 462 1457 hic
486 1427 637 1456 cenares“.
694 1428 784 1456 Poen.
810 1429 884 1456 384:
923 1427 990 1464 „Sic
1019 1429 1097 1456 enim
1128 1429 1270 1461 diceres“.

148 1481 188 1510 ib.
215 1482 285 1510 388.
320 1481 410 1510 Mero.
432 1482 501 1510 625.
539 1480 602 1509 Mil.
623 1481 692 1509 731.
729 1479 918 1508 Pseud.437.
954 1480 1027 1508 Rud.
1044 1481 1113 1509 831.
1148 1481 1268 1511 Trucul.

150 1534 218 1562 738.
266 1533 366 1570 Longe
390 1533 568 1561 aberrarunt
592 1534 622 1560 et
644 1532 695 1560 R:
725 1532 782 1564 ..At
806 1540 860 1567 ego
880 1529 932 1567 (sc.
947 1528 1065 1569 pauco),
1089 1535 1121 1560 tu
1139 1542 1175 1561 ne
1196 1533 1271 1562 clam

148 1583 306 1614 comessis“
349 1587 379 1613 et
414 1584 547 1612 Mueller.
584 1584 666 1612 Pros.
702 1594 730 1621 p.
767 1584 841 1612 223:
892 1583 999 1618 „Utine
1038 1586 1071 1610 tu
1111 1584 1187 1612 clam
1227 1594 1272 1613 me

147 1638 284 1665 comessis
308 1635 506 1674 p1·andium‘?“
523 1651 564 1654 —
578 1636 647 1664 600.
670 1633 747 1664 IVon
772 1634 875 1664 taces?
900 1646 926 1663 v.
952 1634 988 1662 ad
1011 1634 1118 1672 Amph.
1140 1636 1211 1664 693.
1232 1651 1272 1655 -

149 1690 219 1717 601.
245 1685 334 1724 nicto,
361 1699 387 1716 v.
413 1688 448 1715 ad
473 1688 554 1715 Asin.
582 1688 652 1715 777.
676 1701 717 1705 —
741 1688 812 1715 602.
838 1685 960 1720 misera,
985 1696 1024 1714 sc.
1045 1696 1118 1721 sum,
1143 1687 1178 1715 cf.
1203 1688 1270 1716 119.

147 1740 218 1768 Mox
246 1740 357 1775 „Quid”
386 1740 445 1774 Bu,
470 1741 519 1768 vix
543 1742 630 1767 recte.
661 1753 699 1757 —
723 1736 839 1767 misera
862 1745 895 1766 es
918 1737 988 1765 olim
1012 1747 1066 1765 em.
1089 1752 1130 1756 -—
1150 1736 1270 1775 (impedi,

148 1802 175 1820 v.
199 1792 236 1821 ad
264 1791 370 1830 Amph.
400 1792 488 1820 1097.
526 1805 561 1810 —
601 1791 670 1819 603.
706 1787 913 1825 confidentius
942 1790 1050 1816 omisso
1080 1788 1168 1818 verbo
1199 1789 1269 1818 sub-

147 1845 292 1879 stantivo,
324 1842 402 1881 quod
425 1842 459 1871 R.
487 1842 583 1878 addit,
613 1842 648 1870 ef.
674 1842 744 1870 618.
769 1851 835 1869 anu.
861 1841 897 1869 ad
921 1840 1028 1877 Amph.
1054 1841 1124 1869 590.
1150 1855 1188 1859 —
1213 1838 1269 1879 qui

147 1903 217 1933 quae
240 1895 262 1923 B
285 1905 362 1923 man.
387 1904 444 1922 sec.
473 1909 514 1912 —
551 1894 621 1923 605.
653 1891 690 1921 de
712 1891 772 1921 isto
795 1892 882 1921 Both.
929 1891 1044 1920 Omissa
1074 1891 1125 1920 illa
1149 1895 1266 1921 contro-

147 1949 259 1983 versia,
285 1948 320 1975 de
344 1956 402 1984 qua
425 1947 536 1974 ironice
560 1946 713 1974 mulierem
738 1947 780 1973 ait
803 1945 828 1971 ei
853 1940 990 1979 credere,
1019 1942 1152 1980 postulat
1176 1946 1210 1972 ut
1233 1944 1271 1972 ad

147 2000 310 2038 principem
335 1999 525 2036 quaestionem
551 1997 586 2025 de
611 1997 690 2035 palla
714 1998 848 2033 surrepta·
874 1994 987 2023 redeat.
1018 2009 1060 2014 —
1092 1995 1162 2023 606.
1197 2004 1270 2032 „ego

147 2048 284 2080 redeam“
316 2050 362 2077 ed.
386 2059 448 2086 pr.;
478 2049 511 2076 R.
536 2045 660 2077 redeam
689 2058 751 2075 cum
776 2047 872 2081 hiatu3
910 2046 1008 2074 Muell.
1034 2057 1062 2083 p.
1088 2046 1166 2074 630:
1206 2045 1270 2081 „Ad

146 2101 341 2140 phrygionem
365 2098 533 2138 equidem“.
553 2114 595 2118 --
613 2099 623 2127 ι’
642 2099 788 2128 Gruterus
807 2108 872 2133 em„
898 2098 933 2126 cf.
953 2098 1024 2126 424.
1051 2098 1122 2126 608.
1142 2111 1182 2116 ——
1204 2097 1273 2125 607.

151 2149 236 2190 Quae
250 2148 444 2188 istaecpalla
457 2149 530 2180 est?
555 2151 624 2180 Haec
638 2150 726 2186 vulgo
738 2149 918 2178 Menaechmo
931 2148 1014 2185 dant,
1027 2149 1163 2186 proxima
1176 2151 1275 2176 autem
