1596 2478
287 148 348 178 384
757 147 931 174 Menaechmi.

288 244 366 272 1559
390 243 479 271 edita.
526 244 558 272 In
583 243 689 280 Anglin
712 245 795 282 prius
818 245 906 273 otiam
931 255 1017 283 quam
1042 246 1070 274 in
1093 245 1180 274 Italia
1204 256 1239 274 ex
1263 245 1402 275 Plautina

285 294 384 323 fabula
417 295 512 323 ductae
546 295 710 330 agebantur
740 295 882 324 Errorum
911 296 1081 325 comoediae
1105 293 1146 334 (v.
1171 297 1278 332 W'ard,
1314 297 1400 334 Engi.

284 345 378 374 dram.
403 346 462 374 Lit.
487 345 500 373 1
523 355 552 383 p.
578 346 647 380 373,
672 356 758 384 quem
782 346 886 375 laudat
908 346 1083 385 Wagnerius
1106 349 1134 376 in
1158 345 1400 386 introductione),

284 395 479 434 omnibusque
508 399 578 425 nota
607 400 666 432 est,
702 407 766 435 quae
794 397 999 436 Shnkespearii
1030 400 1146 428 nomine
1176 399 1284 435 fertur,
1321 399 1402 436 „Tho

285 448 406 484 comedy
429 447 462 475 of
481 446 610 476 errors“.
661 448 814 477 Accedunt
836 448 913 478 Galli
936 452 1039 486 poetae,
1064 449 1187 484 Retron,
1218 451 1300 478 cuiue
1327 449 1401 485 „Les

284 496 490 527 Menechmes“
517 502 583 527 acta
607 503 651 528 eet
677 501 770 535 1632,
801 504 830 528 et
853 502 904 538 qui
929 500 1051 528 liberius
1075 511 1134 529 rem
1159 505 1297 538 egerunt,
1327 501 1401 539 Reg—

283 550 372 585 nard,
402 549 478 585 „Les
502 550 688 579 Meneohmes
711 561 748 580 ou
772 552 813 580 les
833 550 992 587 jumeaux“
1022 553 1111 585 1705,
1143 552 1300 581 Boursault
1326 552 1401 587 „Les

284 601 439 630 Menteurs
457 602 507 639 qui
523 611 559 630 ne
576 605 709 631 meutent
725 601 808 640 pas“,
828 602 978 637 Cailhava,
1002 603 1078 638 „Les
1091 603 1275 632 Menechmes
1288 603 1398 632 Grec&

282 649 323 690 (v.
348 652 482 690 Dunlop,
518 652 593 681 Hist.
623 653 654 681 of
681 653 793 682 Roman
822 654 880 682 litt.
910 653 922 682 I
950 664 978 692 p.
1011 654 1069 682 185
1099 651 1190 692 eqq.).
1246 655 1400 684 Postremo

283 703 411 732 Goldoni
433 705 552 742 scripsit
577 703 609 740 „I
633 705 688 733 due
710 705 827 742 gemeili
853 703 1042 733 Veneziani“.

369 755 450 783 Hanc
474 760 571 784 autem
596 755 726 784 fabulam
750 766 839 794 quum
862 756 997 794 plerique
1021 758 1076 785 viri
1099 757 1188 793 docti,
1211 757 1294 786 velut
1306 757 1400 786 Lade-

282 807 348 843 wig.
367 808 397 835 in
416 807 490 835 Phil.
511 807 604 835 XVII.
640 807 785 836 Dziatzko
809 809 838 836 in
862 807 938 836 Anu.
963 807 1035 845 phil.
1060 808 1175 837 CXVII.
1210 807 1312 837 Goetz.
1334 809 1400 838 Act.

284 859 364 897 Lips.
389 857 442 894 VI,
478 858 552 887 adeo
575 858 742 887 Plautinum
772 859 952 894 iudicarent,
988 863 1021 888 ut
1048 862 1156 897 praeter
1185 859 1339 898 prologum
1371 862 1402 888 et

282 920 372 939 unum
412 913 443 938 et
479 909 603 938 alterum
637 909 794 939 comoediae
827 920 945 938 versum
979 910 1015 938 ab
1049 911 1260 940 additamentis
1293 911 1400 939 alienis

282 962 402 990 liberam
432 970 494 989 esse
518 964 683 996 censerent,
713 971 739 990 a.
767 962 846 990 1882
870 961 1065 1000 Sonnenburg
1088 962 1252 991 Bonnensis
1274 963 1399 997 exstitit,

282 1014 331 1051 qui
345 1013 454 1041 nullam
468 1012 529 1040 fere
543 1012 670 1041 fabulam
685 1012 850 1041 Plautinum
864 1016 909 1041 tot
921 1017 1063 1051 tantaque
1076 1014 1297 1042 retractationis
1315 1014 1400 1050 signa

282 1075 344 1102 prae
368 1074 398 1093 se
422 1064 498 1092 ferre
527 1063 733 1098 contenderet3
758 1065 806 1092 vix
829 1064 918 1092 ullam
942 1074 1057 1093 scenam
1081 1065 1236 1093 sententiis
1260 1065 1399 1103 repetitis

282 1118 334 1144 aut
355 1115 555 1154 pugnantibus
578 1115 656 1143 inter
678 1125 708 1144 se
732 1125 845 1149 curere,
875 1117 917 1143 ita
940 1119 974 1144 ut
996 1116 1046 1144 uni
1072 1115 1226 1154 eidemque
1249 1117 1400 1153 ingenioso

281 1170 376 1206 poetae
410 1168 525 1204 integra
558 1167 651 1195 tribui
684 1166 784 1195 fabula
818 1177 876 1196 non
911 1168 1015 1205 possit.
1080 1168 1270 1203 Argumentis
1301 1171 1398 1196 autem

280 1220 377 1247 utitur
399 1219 448 1254 iis,
479 1218 585 1256 quibus
608 1220 703 1246 totum
728 1217 782 1246 hoc
804 1217 975 1255 disputandi
999 1227 1092 1255 genus
1115 1220 1232 1247 minime
1256 1228 1399 1247 commen-

281 1271 384 1304 datur,
419 1269 592 1308 plerumque
624 1269 740 1297 modum
766 1270 794 1297 in
818 1271 917 1307 scirpo
940 1279 1091 1307 quaerens,
1126 1270 1195 1298 dum
1219 1279 1281 1298 eam
1306 1270 1399 1308 exigit

281 1321 343 1350 veri
366 1321 605 1355 similitudinem,
635 1330 700 1358 quae
722 1330 781 1349 non
804 1320 870 1349 dico
893 1320 929 1349 ab
954 1321 1100 1358 antiquis,
1130 1321 1184 1349 sed
1207 1331 1242 1349 ne
1265 1331 1282 1349 a
1305 1321 1398 1350 nostri

281 1372 400 1410 quidem
434 1371 533 1400 saeculi
566 1373 662 1409 poetis
695 1372 772 1408 exigi
807 1373 916 1410 possit,
951 1371 1024 1400 iilud
1059 1375 1154 1400 autem
1187 1382 1308 1410 prorsus
1340 1382 1398 1401 non

280 1434 396 1462 curans,
418 1424 442 1451 si
466 1424 531 1461 quis
554 1425 638 1451 tanta
659 1424 821 1452 exstitisset
845 1423 982 1456 audacia,
1011 1427 1045 1452 ut
1075 1423 1240 1452 Plautinum
1269 1423 1398 1452 tabulam

280 1478 372 1504 totam
396 1474 563 1512 refingeret,
587 1484 646 1512 quo
670 1474 796 1502 artificio
819 1476 870 1502 aut
892 1484 951 1512 qua
973 1474 1149 1512 stupiditate
1172 1474 1234 1503 fieri
1256 1476 1397 1513 potuerit,

280 1529 313 1555 ut
346 1526 484 1555 librarius
518 1527 673 1564 utriusque
707 1525 865 1554 comoediae
899 1535 1001 1554 versus
1035 1529 1094 1554 tum
1129 1527 1229 1564 inepte
1258 1526 1334 1554 inter
1367 1535 1398 1554 se

280 1579 492 1607 commisceret.

366 1629 561 1657 Menaechmos
589 1629 748 1666 separatim
779 1628 936 1656 ediderunt
959 1637 1021 1656 cuin
1046 1628 1254 1656 commentario
1277 1627 1398 1656 Germa-

280 1681 345 1709 nico
368 1681 459 1709 lulius
483 1680 553 1708 Brix
580 1680 669 1715 1866,
703 1679 792 1714 1873,
826 1680 915 1714 1880,
947 1689 1011 1707 cum
1035 1678 1148 1707 Gallico
1173 1678 1292 1708 Benoist
1314 1679 1398 1708 Paris

283 1733 372 1767 1877,
395 1742 459 1760 cum
485 1731 608 1767 Anglico
630 1730 758 1768 Wagner
781 1730 949 1767 Cantnbrig.
978 1731 1067 1759 1878.
1120 1731 1141 1759 I.
1164 1730 1274 1758 Vahlen
1298 1731 1343 1759 ed.
1367 1731 1397 1759 in

279 1793 363 1812 usum
388 1783 545 1811 lectionum
569 1792 687 1811 suarum
711 1782 799 1810 1882.
845 1781 929 1816 Quod
953 1781 990 1810 ad
1013 1783 1145 1810 criticum
1168 1781 1274 1810 fabuloe
1297 1782 1397 1810 eondi-

279 1836 391 1863 ciouem
426 1835 545 1869 attinet,
586 1834 771 1872 palimpsesti
810 1833 880 1860 folia
915 1833 952 1860 ad
986 1832 1180 1862 Menaeehmos
1215 1833 1397 1871 pertinentia

279 1887 488 1914 continuerunt
510 1895 612 1913 versus
636 1885 791 1919 92—127,
818 1884 992 1918 loo—299,
1018 1885 1194 1919 337—-372,
1219 1885 1396 1920 435-581,

282 1938 361 1966 1112
385 1937 422 1965 ad
446 1936 542 1971 finem,
567 1947 593 1965 v.
613 1936 721 1964 Ritsch.
746 1935 828 1973 praef.
853 1939 883 1963 et
905 1934 1046 1973 Geppert.
1071 1935 1155 1964 stud.
1180 1935 1207 1964 11
1224 1945 1252 1974 p.
1279 1936 1318 1964 64
1342 1945 1395 1973 sq„

278 1989 328 2016 sed
365 1998 496 2025 maguam
531 1991 645 2025 purtem
681 1991 740 2015 tani
775 1990 917 2024 corrupta
952 1991 1036 2019 sunt.
1071 1991 1105 2015 nt
1138 1987 1198 2015 fere
1232 1986 1305 2015 nihil
1337 1987 1395 2023 legi

279 2041 427 2078 potuerit3
453 2040 480 2067 in
505 2040 558 2067 linc
582 2039 710 2067 editione
734 2041 848 2066 tautum
875 2048 889 2065 n
913 2039 1014 2066 ν.16ὓ
1039 2038 1076 2066 ad
1102 2039 1161 2066 287
1186 2042 1216 2067 et
1240 2048 1257 2066 a
1275 2038 1334 2067 443
1359 2038 1396 2066 ud
