1596 2478
291 138 352 168 386
767 137 939 164 Menaechmi.

758 269 950 303 Prologum

290 347 347 366 non
377 338 412 365 ab
443 338 507 375 ipso
531 336 637 364 Plauto
666 337 807 375 scriptum
839 347 916 371 esse,
953 346 1005 365 nec
1034 336 1179 371 Plautinae
1215 337 1312 365 aetatis
1348 347 1412 366 esse

291 389 341 416 sed
371 389 524 425 aliquanto
554 387 742 424 posterioris,
779 387 866 416 facile
895 390 1021 426 apparet
1050 390 1081 416 et
1109 387 1145 416 ab
1175 387 1310 416 omuibus
1341 398 1410 416 con-

291 439 420 473 ceditur3
457 449 508 467 uec
537 439 599 476 ipse
627 439 677 476 qui
707 440 873 476 composuit
901 438 1081 475 dissimulat,
1116 440 1226 476 quippe
1255 440 1306 475 qui
1335 448 1361 467 v.
1394 440 1410 467 3

289 489 427 518 Plautum
452 490 536 526 quasi
560 489 687 517 alienum
713 490 859 518 hominem
885 500 914 518 se
938 490 1053 518 adferre
1077 489 1164 518 dicat.
1211 489 1295 524 Quod
1320 490 1412 525 igitur

290 542 318 569 in
343 541 408 569 cod.
433 540 456 568 Β
479 541 568 568 titulo
592 541 712 569 additur
734 539 871 579 ,‚poeta“,
896 540 950 569 hoc
974 550 1080 569 nomen
1103 540 1160 569 sibi
1184 541 1326 578 prologus
1350 541 1412 578 ipse

290 601 348 620 non
371 595 498 629 arrogat,
523 593 547 620 si
571 592 690 629 quidem
715 602 741 621 v.
768 593 785 620 '7
809 602 872 629 sqq.
898 595 1002 630 poetas
1025 591 1082 619 sibi
1107 592 1242 629 opponit.
1298 591 1412 620 Histrio

289 643 346 670 fuit
380 646 475 680 poetae
509 644 627 671 nomine
661 653 764 680 parum
795 643 917 680 dignus,
952 643 1038 671 homo
1067 643 1109 670 ita
1137 643 1270 681 ineptus,
1305 645 1338 671 ut
1367 642 1411 670 fa-

290 695 372 722 cetiae
403 694 466 722 eius
501 697 609 731 praeter
636 695 732 732 ipsum
762 695 810 723 vix
839 695 976 732 cuiquam
1005 694 1185 731 placuerint,
1220 694 1262 721 ita
1291 694 1410 731 loquax,

289 748 332 779 u't,
356 745 501 782 quidquid
526 746 555 774 in
579 745 697 774 buccam
724 747 861 780 venisset,
886 745 1053 783 protulerit,
1078 746 1121 773 ita
1145 744 1236 781 rudis,
1260 748 1294 773 ut
1317 745 1413 782 prima

290 797 430 825 doctrinae
461 797 605 825 elementa
634 807 686 825 nec
715 807 732 825 a
759 797 960 834 grammaticis
996 800 1047 824 aut
1077 795 1244 823 rhetoribus
1275 795 1413 824 didicerit

289 858 342 876 nec
373 857 426 876 suo
460 849 579 884 ingenio
613 849 807 886 perspexerit.
871 847 922 875 His
956 848 1038 875 vitiis
1074 846 1287 875 animadversis
1321 856 1410 883 quum

290 899 424 928 Ossnnus
447 900 532 927 Anal.
558 909 586 937 p.
614 900 672 928 178
702 902 733 928 et
763 899 949 936 Ladewigius
979 898 1123 935 philolog.
1148 897 1161 925 I
1184 907 1213 935 p.
1246 898 1306 925 278
1335 897 1412 926 hunc

289 951 444 989 prologum
469 961 504 978 ex
523 950 690 988 disparibus
709 950 843 988 partibus
867 950 1026 979 conflatum
1045 951 1210 987 putassent,
1236 948 1412 977 Ritschelius

289 1002 450 1030 rectissime
483 1000 581 1036 ‚,eius“
613 1002 710 1039 inquit
743 1002 892 1039 „ineptias
922 1001 1066 1039 plurimas
1100 1001 1248 1037 patienter
1282 999 1412 1028 tolerare

290 1053 444 1090 praestabit
473 1062 560 1090 quam
589 1053 637 1081 vel
665 1052 849 1081 emendando
873 1053 921 1080 vel
945 1051 1104 1080 resecando
1127 1050 1270 1086 tollere“;
1305 1050 1357 1079 sed
1381 1060 1412 1079 re

290 1105 355 1141 ipsa
378 1113 435 1132 nou
459 1103 614 1140 toleravit,
650 1114 716 1132 nam
748 1107 778 1132 et
801 1113 858 1132 uon
882 1113 977 1141 pauca
999 1103 1126 1131 mutavit
1149 1105 1178 1130 et
1202 1101 1316 1130 duobus
1340 1101 1413 1130 locis

289 1165 426 1183 versuum
456 1155 590 1183 ordinem
620 1156 757 1191 invertit,
793 1154 927 1192 quamvis
956 1154 1050 1182 nihilo
1082 1153 1186 1182 melior
1215 1163 1250 1182 ea
1278 1163 1310 1181 re
1333 1163 1411 1182 com-

287 1207 397 1244 positio
421 1205 512 1234 fieret.
567 1206 672 1234 Postea
704 1206 754 1234 alii
777 1206 832 1234 viri
856 1205 938 1234 docti
960 1204 1167 1240 elaborarunt,
1198 1208 1231 1232 ut
1253 1204 1410 1242 prologum

288 1267 348 1285 non
372 1257 408 1284 ab
431 1267 489 1285 uuo
512 1260 600 1294 poeta
623 1258 818 1294 compositum
842 1256 1045 1288 ostenderent,
1075 1255 1128 1284 sed
1151 1265 1240 1293 quum
1265 1255 1301 1284 ab
1326 1256 1412 1284 initio

287 1308 406 1336 brevior
429 1308 550 1343 fuisset,
586 1310 692 1346 postea
715 1308 837 1336 alterius
868 1310 963 1345 poetae
994 1306 1204 1335 additamentis
1233 1310 1351 1336 auctum
1382 1309 1413 1335 et

289 1359 501 1396 amplificatum
531 1369 603 1388 esse.
665 1360 697 1387 In
729 1359 783 1387 tali
817 1360 965 1387 sententia
994 1358 1114 1387 fuerunt
1142 1357 1269 1393 Teuffel,
1304 1358 1410 1386 Annal.

288 1410 390 1447 philol.
416 1409 491 1438 XCV
516 1420 546 1447 p.
571 1411 609 1438 32
633 1420 693 1447 sq.,
718 1410 855 1445 Langen,
885 1409 1078 1438 Commentat.
1103 1409 1139 1437 de
1161 1409 1411 1438 Menaecbmorum

288 1461 421 1498 prologo,
444 1461 574 1489 Monast.
602 1462 691 1496 1873,
715 1461 861 1489 Dziatzko
884 1462 914 1489 in
937 1460 1045 1489 Anual.
1069 1460 1172 1498 philol.
1198 1459 1276 1489 CVII
1299 1469 1328 1498 p.
1349 1460 1409 1488 833

288 1521 363 1549 sqq.,
392 1521 445 1540 nec
473 1513 575 1548 negari
598 1515 699 1550 potest
723 1522 768 1540 vv.
795 1513 907 1546 7—1G‚
933 1512 1068 1547 63—67,
1093 1512 1151 1540 alia
1174 1511 1285 1548 optime
1309 1510 1411 1539 abesse

288 1573 391 1600 posse,
426 1563 478 1592 sed
512 1564 588 1591 alius
622 1564 734 1600 ingenii
762 1573 824 1591 esse
859 1572 947 1600 quam
980 1563 1095 1600 reliqua
1129 1571 1186 1590 non
1221 1562 1323 1596 video,
1359 1571 1412 1590 nec

290 1614 414 1642 editoris
438 1617 484 1642 est
505 1623 619 1649 curare,
644 1618 678 1642 ut
701 1614 806 1643 histrio
830 1614 925 1642 minus
949 1614 1068 1651 ineptus
1091 1616 1243 1651 appareat,
1268 1623 1355 1651 quam
1380 1622 1412 1641 re

289 1674 358 1692 vera
382 1665 482 1693 fuerit.

378 1718 402 1744 l.
439 1717 462 1744 A
486 1713 585 1744 salute
607 1717 713 1754 incipit
740 1719 774 1745 ut
797 1716 909 1745 Casinae
939 1716 1095 1754 prologus,
1131 1715 1182 1744 sed
1213 1715 1259 1743 hic
1283 1715 1410 1752 quidem,

288 1770 322 1795 ut
345 1767 487 1795 ridiculus
511 1769 565 1802 sit,
590 1777 647 1795 nou
665 1768 883 1805 spectatoribus
902 1767 1007 1800 solum,
1031 1766 1083 1794 sed
1102 1767 1191 1794 etiam
1209 1766 1268 1794 sibi
1287 1766 1411 1794 salutem

290 1821 382 1854 optat.
411 1832 446 1836 —
473 1819 500 1846 2.
527 1816 644 1853 numm,
669 1828 694 1847 v.
720 1819 836 1847 Cui-cul.
863 1819 932 1846 523.
958 1832 999 1837 -
1029 1818 1056 1845 6.
1087 1815 1119 1845 in
1141 1813 1233 1845 verba
1255 1813 1412 1851 conseram

282 1876 390 1905 pauc„
415 1870 450 1896 cf.
476 1869 567 1898 Poen.
595 1870 690 1898 1222:
717 1871 765 1905 „in
790 1879 885 1907 pauca
909 1868 1039 1897 confer-⁶⁴.
1063 1883 1095 1887 -r
1125 1869 1151 1896 7.
1175 1865 1288 1905 Atque.
1312 1869 1412 1905 Atque

290 1920 359 1954 hoc,
385 1921 496 1957 iuquit,
525 1921 652 1958 primum
677 1921 788 1955 dicam,
825 1923 1030 1957 argumentum
1055 1929 1114 1947 uon
1136 1919 1268 1948 Atticum
1292 1919 1344 1948 sed
1367 1918 1412 1948 Si-

289 1971 386 1998 culum
411 1981 482 1998 esse.
537 1971 589 1999 His
614 1972 773 2008 praemissis
797 1981 822 2000 v.
850 1971 887 2000 14
911 1982 945 2000 eo
969 1970 1056 2005 redit,
1086 1970 1162 1998 uude
1186 1970 1335 2007 digressus
1358 1973 1412 2005 est,

289 2021 327 2049 ad
351 2024 555 2058 argumentum
587 2021 796 2050 enarrandum.
854 2022 1032 2050 Ritsclielius
1059 2019 1185 2058 „Atqui“
1212 2021 1346 2059 scripsit,
1382 2024 1412 2049 et

288 2071 356 2100 huic
379 2073 476 2100 versui
500 2073 670 2110 anteposuit
694 2083 738 2101 vv.
767 2074 906 2108 11—123
941 2072 991 2100 sed
1022 2075 1089 2100 ante
1120 2072 1180 2100 liaec
1209 2081 1327 2109 quoque
1360 2082 1409 2099 ex-
