<?xml version="1.0" encoding="UTF-8"?>
<!DOCTYPE html PUBLIC "-//W3C//DTD XHTML 1.0 Transitional//EN"
    "http://www.w3.org/TR/xhtml1/DTD/xhtml1-transitional.dtd">
<html xmlns="http://www.w3.org/1999/xhtml" xml:lang="en" lang="en">
 <head>
  <title>
</title>
<meta http-equiv="Content-Type" content="text/html;charset=utf-8" />
  <meta name='ocr-system' content='tesseract 3.04.00' />
  <meta name='ocr-capabilities' content='ocr_page ocr_carea ocr_par ocr_line ocrx_word'/>
</head>
<body>
  <div class='ocr_page' id='page_1' title='image "./comoediaerecensu03plauuoft_0063.png"; bbox 0 0 1596 2478; ppageno 0'>
   <div class='ocr_carea' id='block_1_1' title="bbox 131 224 1241 256">
    <p class='ocr_par' dir='ltr' id='par_1_1' title="bbox 131 224 1241 256">
     <span class='ocr_line' id='line_1_1' title="bbox 131 224 1241 256; baseline -0.004 -4"><span class='ocrx_word' id='word_1_1' title='bbox 131 226 182 256; x_wconf 85' lang='grc' dir='ltr'>ΠΙ,</span> <span class='ocrx_word' id='word_1_2' title='bbox 202 228 224 254; x_wconf 81' lang='grc'>5,</span> <span class='ocrx_word' id='word_1_3' title='bbox 244 226 344 252; x_wconf 81' lang='grc'><strong>55-64</strong></span> <span class='ocrx_word' id='word_1_4' title='bbox 606 248 609 251; x_wconf 95' lang='grc'>.</span> <span class='ocrx_word' id='word_1_5' title='bbox 636 224 741 251; x_wconf 71' lang='lat' dir='ltr'>Casina.</span> <span class='ocrx_word' id='word_1_6' title='bbox 1203 226 1241 255; x_wconf 86' lang='lat'>55</span> 
     </span>
    </p>
   </div>
   <div class='ocr_carea' id='block_1_2' title="bbox 214 318 1243 406">
    <p class='ocr_par' dir='ltr' id='par_1_2' title="bbox 214 318 1243 406">
     <span class='ocr_line' id='line_1_2' title="bbox 214 318 943 360; baseline 0 -9"><span class='ocrx_word' id='word_1_7' title='bbox 214 320 321 359; x_wconf 84' lang='lat' dir='ltr'>Negat</span> <span class='ocrx_word' id='word_1_8' title='bbox 345 330 464 360; x_wconf 85' lang='lat' dir='ltr'>ponere</span> <span class='ocrx_word' id='word_1_9' title='bbox 488 320 551 351; x_wconf 79' lang='lat' dir='ltr'>alio</span> <span class='ocrx_word' id='word_1_10' title='bbox 576 320 671 350; x_wconf 89' lang='lat' dir='ltr'>modo</span> <span class='ocrx_word' id='word_1_11' title='bbox 696 320 763 350; x_wconf 85' lang='lat' dir='ltr'>ullo</span> <span class='ocrx_word' id='word_1_12' title='bbox 788 318 943 360; x_wconf 76' lang='lat' dir='ltr'>profecto.</span> 
     </span>
     <span class='ocr_line' id='line_1_3' title="bbox 214 373 1243 406; baseline -0.001 0"><span class='ocrx_word' id='word_1_13' title='bbox 214 375 284 406; x_wconf 86' lang='lat' dir='ltr'>Nisi</span> <span class='ocrx_word' id='word_1_14' title='bbox 309 385 343 406; x_wconf 82' lang='lat' dir='ltr'>se</span> <span class='ocrx_word' id='word_1_15' title='bbox 366 374 449 405; x_wconf 81' lang='lat' dir='ltr'>sciat</span> <span class='ocrx_word' id='word_1_16' title='bbox 472 373 568 404; x_wconf 91' lang='lat' dir='ltr'>uilico</span> <span class='ocrx_word' id='word_1_17' title='bbox 593 384 655 405; x_wconf 88' lang='lat' dir='ltr'>non</span> <span class='ocrx_word' id='word_1_18' title='bbox 680 373 791 404; x_wconf 78' lang='lat' dir='ltr'>datum</span> <span class='ocrx_word' id='word_1_19' title='bbox 815 373 864 404; x_wconf 89' lang='lat' dir='ltr'>iri.</span> <span class='ocrx_word' id='word_1_20' title='bbox 1192 380 1243 405; x_wconf 79' lang='lat'>670</span> 
     </span>
    </p>
   </div>
   <div class='ocr_carea' id='block_1_3' title="bbox 213 449 1057 699">
    <p class='ocr_par' dir='ltr' id='par_1_3' title="bbox 213 449 1057 699">
     <span class='ocr_line' id='line_1_4' title="bbox 569 449 803 491; baseline -0.004 -10"><span class='ocrx_word' id='word_1_21' title='bbox 569 449 803 491; x_wconf 83' lang='lat' dir='ltr'>Lysidamus</span> 
     </span>
     <span class='ocr_line' id='line_1_5' title="bbox 215 500 1012 546; baseline -0.004 -9"><span class='ocrx_word' id='word_1_22' title='bbox 215 506 311 546; x_wconf 85' lang='lat' dir='ltr'>Atqui</span> <span class='ocrx_word' id='word_1_23' title='bbox 334 505 482 545; x_wconf 80' lang='lat' dir='ltr'>ingratiis</span> <span class='ocrx_word' id='word_1_24' title='bbox 506 505 579 544; x_wconf 90' lang='lat' dir='ltr'>quoi</span> <span class='ocrx_word' id='word_1_25' title='bbox 604 500 666 535; x_wconf 84' lang='lat' dir='ltr'>non</span> <span class='ocrx_word' id='word_1_26' title='bbox 691 503 762 535; x_wconf 90' lang='lat' dir='ltr'>uolt</span> <span class='ocrx_word' id='word_1_27' title='bbox 784 503 885 534; x_wconf 85' lang='lat' dir='ltr'>nubet</span> <span class='ocrx_word' id='word_1_28' title='bbox 908 502 1012 534; x_wconf 88' lang='lat' dir='ltr'>hodie.</span> 
     </span>
     <span class='ocr_line' id='line_1_6' title="bbox 214 556 1057 598; baseline -0.005 -7"><span class='ocrx_word' id='word_1_29' title='bbox 214 560 294 591; x_wconf 85' lang='lat' dir='ltr'>Nam</span> <span class='ocrx_word' id='word_1_30' title='bbox 319 569 376 590; x_wconf 86' lang='lat' dir='ltr'>cur</span> <span class='ocrx_word' id='word_1_31' title='bbox 398 569 461 590; x_wconf 87' lang='lat' dir='ltr'>non</span> <span class='ocrx_word' id='word_1_32' title='bbox 486 568 544 598; x_wconf 85' lang='lat' dir='ltr'>ego</span> <span class='ocrx_word' id='word_1_33' title='bbox 568 557 601 589; x_wconf 87' lang='lat' dir='ltr'>id</span> <span class='ocrx_word' id='word_1_34' title='bbox 624 561 818 598; x_wconf 72' lang='lat' dir='ltr'>perpetrem,</span> <span class='ocrx_word' id='word_1_35' title='bbox 843 556 930 597; x_wconf 89' lang='lat' dir='ltr'>quod</span> <span class='ocrx_word' id='word_1_36' title='bbox 955 557 1057 597; x_wconf 81' lang='lat' dir='ltr'>coepi,</span> 
     </span>
     <span class='ocr_line' id='line_1_7' title="bbox 214 610 953 653; baseline -0.005 -8"><span class='ocrx_word' id='word_1_37' title='bbox 214 614 258 646; x_wconf 79' lang='lat' dir='ltr'>Ut</span> <span class='ocrx_word' id='word_1_38' title='bbox 281 613 384 644; x_wconf 86' lang='lat' dir='ltr'>nubat</span> <span class='ocrx_word' id='word_1_39' title='bbox 407 612 507 644; x_wconf 82' lang='lat' dir='ltr'>mihi?</span> <span class='ocrx_word' id='word_1_40' title='bbox 530 611 611 643; x_wconf 90' lang='lat' dir='ltr'>illud</span> <span class='ocrx_word' id='word_1_41' title='bbox 636 611 766 653; x_wconf 87' lang='lat' dir='ltr'>quidem</span> <span class='ocrx_word' id='word_1_42' title='bbox 792 610 953 647; x_wconf 82' lang='lat' dir='ltr'>uolebam,</span> 
     </span>
     <span class='ocr_line' id='line_1_8' title="bbox 213 667 464 699; baseline -0.008 0"><span class='ocrx_word' id='word_1_43' title='bbox 213 667 333 699; x_wconf 85' lang='lat' dir='ltr'>Nostro</span> <span class='ocrx_word' id='word_1_44' title='bbox 358 667 464 698; x_wconf 84' lang='lat' dir='ltr'>uilioo.</span> 
     </span>
    </p>
   </div>
   <div class='ocr_carea' id='block_1_4' title="bbox 507 736 867 831">
    <p class='ocr_par' dir='ltr' id='par_1_4' title="bbox 507 736 867 831">
     <span class='ocr_line' id='line_1_9' title="bbox 567 736 803 768; baseline 0.004 -1"><span class='ocrx_word' id='word_1_45' title='bbox 567 736 590 767; x_wconf 91' lang='lat' dir='ltr'>P</span> <span class='ocrx_word' id='word_1_46' title='bbox 598 747 640 768; x_wconf 87' lang='lat' dir='ltr'>ar</span> <span class='ocrx_word' id='word_1_47' title='bbox 647 736 666 767; x_wconf 95' lang='lat' dir='ltr'>d</span> <span class='ocrx_word' id='word_1_48' title='bbox 675 737 751 768; x_wconf 79' lang='lat' dir='ltr'>alis</span> <span class='ocrx_word' id='word_1_49' title='bbox 759 747 776 768; x_wconf 89' lang='lat' dir='ltr'>c</span> <span class='ocrx_word' id='word_1_50' title='bbox 786 747 803 768; x_wconf 94' lang='lat' dir='ltr'>o</span> 
     </span>
     <span class='ocr_line' id='line_1_10' title="bbox 507 791 867 831; baseline -0.003 -8"><span class='ocrx_word' id='word_1_51' title='bbox 507 791 716 831; x_wconf 82' lang='lat' dir='ltr'>Saepiuscule</span> <span class='ocrx_word' id='word_1_52' title='bbox 740 801 867 831; x_wconf 85' lang='lat' dir='ltr'>peccas.</span> 
     </span>
    </p>
   </div>
   <div class='ocr_carea' id='block_1_5' title="bbox 127 867 1243 1072">
    <p class='ocr_par' dir='ltr' id='par_1_5' title="bbox 127 867 1243 1072">
     <span class='ocr_line' id='line_1_11' title="bbox 569 867 804 908; baseline -0.004 -9"><span class='ocrx_word' id='word_1_53' title='bbox 569 867 751 908; x_wconf 79' lang='lat' dir='ltr'>Lysidam</span> <span class='ocrx_word' id='word_1_54' title='bbox 762 879 804 899; x_wconf 86' lang='lat' dir='ltr'>us</span> 
     </span>
     <span class='ocr_line' id='line_1_12' title="bbox 212 921 1243 964; baseline -0.001 -11"><span class='ocrx_word' id='word_1_55' title='bbox 212 922 321 953; x_wconf 79' lang='lat' dir='ltr'>Timor</span> <span class='ocrx_word' id='word_1_56' title='bbox 344 922 514 964; x_wconf 79' lang='lat' dir='ltr'>praepedit</span> <span class='ocrx_word' id='word_1_57' title='bbox 538 921 648 953; x_wconf 89' lang='lat' dir='ltr'>uerba.</span> <span class='ocrx_word' id='word_1_58' title='bbox 695 921 822 960; x_wconf 80' lang='lat' dir='ltr'>Uerum,</span> <span class='ocrx_word' id='word_1_59' title='bbox 846 922 990 959; x_wconf 80' lang='lat' dir='ltr'>obsecro,</span> <span class='ocrx_word' id='word_1_60' title='bbox 1015 921 1067 952; x_wconf 87' lang='lat' dir='ltr'>dic</span> <span class='ocrx_word' id='word_1_61' title='bbox 1193 930 1243 955; x_wconf 81' lang='lat'>675</span> 
     </span>
     <span class='ocr_line' id='line_1_13' title="bbox 212 975 851 1014; baseline -0.003 -6"><span class='ocrx_word' id='word_1_62' title='bbox 212 977 262 1008; x_wconf 86' lang='lat' dir='ltr'>Me</span> <span class='ocrx_word' id='word_1_63' title='bbox 286 988 418 1008; x_wconf 79' lang='lat' dir='ltr'>uxorem</span> <span class='ocrx_word' id='word_1_64' title='bbox 443 986 535 1008; x_wconf 86' lang='lat' dir='ltr'>orare</span> <span class='ocrx_word' id='word_1_65' title='bbox 560 980 595 1007; x_wconf 90' lang='lat' dir='ltr'>ut</span> <span class='ocrx_word' id='word_1_66' title='bbox 619 979 731 1007; x_wconf 79' lang='lat' dir='ltr'>exoret</span> <span class='ocrx_word' id='word_1_67' title='bbox 752 975 851 1014; x_wconf 70' lang='lat' dir='ltr'>illam,</span> 
     </span>
     <span class='ocr_line' id='line_1_14' title="bbox 127 1030 1020 1072; baseline -0.003 -9"><span class='ocrx_word' id='word_1_68' title='bbox 127 1031 277 1063; x_wconf 85' lang='lat' dir='ltr'>Gladium</span> <span class='ocrx_word' id='word_1_69' title='bbox 301 1035 338 1062; x_wconf 84' lang='lat' dir='ltr'>ut</span> <span class='ocrx_word' id='word_1_70' title='bbox 359 1035 462 1072; x_wconf 88' lang='lat' dir='ltr'>ponat</span> <span class='ocrx_word' id='word_1_71' title='bbox 485 1034 518 1062; x_wconf 85' lang='lat' dir='ltr'>et</span> <span class='ocrx_word' id='word_1_72' title='bbox 542 1030 647 1061; x_wconf 87' lang='lat' dir='ltr'>redire</span> <span class='ocrx_word' id='word_1_73' title='bbox 671 1041 721 1061; x_wconf 88' lang='lat' dir='ltr'>me</span> <span class='ocrx_word' id='word_1_74' title='bbox 745 1031 831 1061; x_wconf 85' lang='lat' dir='ltr'>intro</span> <span class='ocrx_word' id='word_1_75' title='bbox 854 1033 890 1061; x_wconf 89' lang='lat' dir='ltr'>ut</span> <span class='ocrx_word' id='word_1_76' title='bbox 913 1030 1020 1062; x_wconf 85' lang='lat' dir='ltr'>liceat.</span> 
     </span>
    </p>
   </div>
   <div class='ocr_carea' id='block_1_6' title="bbox 567 1118 1241 1204">
    <p class='ocr_par' dir='ltr' id='par_1_6' title="bbox 567 1118 1241 1204">
     <span class='ocr_line' id='line_1_15' title="bbox 567 1118 804 1150; baseline 0 -1"><span class='ocrx_word' id='word_1_77' title='bbox 567 1118 804 1150; x_wconf 83' lang='lat' dir='ltr'>Pardalisca</span> 
     </span>
     <span class='ocr_line' id='line_1_16' title="bbox 1065 1172 1241 1204; baseline -0.006 -1"><span class='ocrx_word' id='word_1_78' title='bbox 1065 1172 1241 1204; x_wconf 85' lang='lat' dir='ltr'>Nuntiabo.</span> 
     </span>
    </p>
   </div>
   <div class='ocr_carea' id='block_1_7' title="bbox 128 1243 802 1332">
    <p class='ocr_par' dir='ltr' id='par_1_7' title="bbox 128 1243 802 1332">
     <span class='ocr_line' id='line_1_17' title="bbox 568 1243 802 1284; baseline 0 -9"><span class='ocrx_word' id='word_1_79' title='bbox 568 1243 618 1284; x_wconf 86' lang='lat' dir='ltr'>Ly</span> <span class='ocrx_word' id='word_1_80' title='bbox 628 1243 802 1275; x_wconf 86' lang='lat' dir='ltr'>sidamus</span> 
     </span>
     <span class='ocr_line' id='line_1_18' title="bbox 128 1300 352 1332; baseline -0.004 -1"><span class='ocrx_word' id='word_1_81' title='bbox 128 1300 171 1331; x_wconf 76' lang='lat' dir='ltr'>Et</span> <span class='ocrx_word' id='word_1_82' title='bbox 192 1303 227 1331; x_wconf 89' lang='lat' dir='ltr'>tu</span> <span class='ocrx_word' id='word_1_83' title='bbox 251 1302 352 1332; x_wconf 86' lang='lat' dir='ltr'>orato.</span> 
     </span>
    </p>
   </div>
   <div class='ocr_carea' id='block_1_8' title="bbox 302 1375 804 1470">
    <p class='ocr_par' dir='ltr' id='par_1_8' title="bbox 302 1375 804 1470">
     <span class='ocr_line' id='line_1_19' title="bbox 567 1375 804 1406; baseline 0 0"><span class='ocrx_word' id='word_1_84' title='bbox 567 1375 666 1406; x_wconf 84' lang='lat' dir='ltr'>Pard</span> <span class='ocrx_word' id='word_1_85' title='bbox 677 1375 804 1406; x_wconf 77' lang='lat' dir='ltr'>alisca</span> 
     </span>
     <span class='ocr_line' id='line_1_20' title="bbox 302 1429 563 1470; baseline -0.004 -9"><span class='ocrx_word' id='word_1_86' title='bbox 302 1430 344 1461; x_wconf 88' lang='lat' dir='ltr'>Et</span> <span class='ocrx_word' id='word_1_87' title='bbox 367 1440 426 1470; x_wconf 88' lang='lat' dir='ltr'>ego</span> <span class='ocrx_word' id='word_1_88' title='bbox 451 1429 563 1461; x_wconf 89' lang='lat' dir='ltr'>orabo.</span> 
     </span>
    </p>
   </div>
   <div class='ocr_carea' id='block_1_9' title="bbox 499 1506 1245 1597">
    <p class='ocr_par' dir='ltr' id='par_1_9' title="bbox 499 1506 1245 1597">
     <span class='ocr_line' id='line_1_21' title="bbox 570 1506 802 1546; baseline 0 -9"><span class='ocrx_word' id='word_1_89' title='bbox 570 1506 802 1546; x_wconf 86' lang='lat' dir='ltr'>Lysidamus</span> 
     </span>
     <span class='ocr_line' id='line_1_22' title="bbox 499 1559 1245 1597; baseline 0 -6"><span class='ocrx_word' id='word_1_90' title='bbox 499 1561 539 1591; x_wconf 85' lang='lat' dir='ltr'>At</span> <span class='ocrx_word' id='word_1_91' title='bbox 562 1560 681 1592; x_wconf 83' lang='lat' dir='ltr'>blande</span> <span class='ocrx_word' id='word_1_92' title='bbox 706 1563 808 1597; x_wconf 80' lang='lat' dir='ltr'>orato,</span> <span class='ocrx_word' id='word_1_93' title='bbox 834 1564 870 1591; x_wconf 81' lang='lat' dir='ltr'>ut</span> <span class='ocrx_word' id='word_1_94' title='bbox 893 1560 987 1591; x_wconf 81' lang='lat' dir='ltr'>soles.</span> <span class='ocrx_word' id='word_1_95' title='bbox 1035 1559 1097 1592; x_wconf 80' lang='lat' dir='ltr'>Sed</span> <span class='ocrx_word' id='word_1_96' title='bbox 1121 1559 1245 1591; x_wconf 83' lang='lat' dir='ltr'>audin?</span> 
     </span>
    </p>
   </div>
   <div class='ocr_carea' id='block_1_10' title="bbox 213 1614 1202 1709">
    <p class='ocr_par' dir='ltr' id='par_1_10' title="bbox 213 1614 1202 1709">
     <span class='ocr_line' id='line_1_23' title="bbox 214 1614 692 1652; baseline -0.002 -6"><span class='ocrx_word' id='word_1_97' title='bbox 214 1615 245 1646; x_wconf 86' lang='lat' dir='ltr'>Si</span> <span class='ocrx_word' id='word_1_98' title='bbox 271 1614 381 1646; x_wconf 77' lang='lat' dir='ltr'>effexis</span> <span class='ocrx_word' id='word_1_99' title='bbox 404 1615 474 1652; x_wconf 89' lang='lat' dir='ltr'>hoc,</span> <span class='ocrx_word' id='word_1_100' title='bbox 501 1615 607 1646; x_wconf 81' lang='lat' dir='ltr'>soleas</span> <span class='ocrx_word' id='word_1_101' title='bbox 632 1614 692 1645; x_wconf 79' lang='lat' dir='ltr'>tibi</span> 
     </span>
     <span class='ocr_line' id='line_1_24' title="bbox 213 1668 1202 1709; baseline -0.001 -9"><span class='ocrx_word' id='word_1_102' title='bbox 213 1669 305 1701; x_wconf 88' lang='lat' dir='ltr'>Dabo</span> <span class='ocrx_word' id='word_1_103' title='bbox 329 1674 361 1700; x_wconf 94' lang='lat' dir='ltr'>et</span> <span class='ocrx_word' id='word_1_104' title='bbox 385 1669 516 1700; x_wconf 85' lang='lat' dir='ltr'>anulum</span> <span class='ocrx_word' id='word_1_105' title='bbox 540 1670 570 1700; x_wconf 86' lang='lat' dir='ltr'>iu</span> <span class='ocrx_word' id='word_1_106' title='bbox 596 1668 697 1709; x_wconf 80' lang='lat' dir='ltr'>digito</span> <span class='ocrx_word' id='word_1_107' title='bbox 722 1678 855 1700; x_wconf 88' lang='lat' dir='ltr'>aureum</span> <span class='ocrx_word' id='word_1_108' title='bbox 879 1672 911 1700; x_wconf 84' lang='lat' dir='ltr'>et</span> <span class='ocrx_word' id='word_1_109' title='bbox 934 1669 1020 1700; x_wconf 89' lang='lat' dir='ltr'>bona</span> <span class='ocrx_word' id='word_1_110' title='bbox 1044 1668 1202 1708; x_wconf 88' lang='lat' dir='ltr'>pluruma.</span> 
     </span>
    </p>
   </div>
   <div class='ocr_carea' id='block_1_11' title="bbox 214 1753 808 1848">
    <p class='ocr_par' dir='ltr' id='par_1_11' title="bbox 214 1753 808 1848">
     <span class='ocr_line' id='line_1_25' title="bbox 563 1753 808 1785; baseline 0 0"><span class='ocrx_word' id='word_1_111' title='bbox 563 1753 808 1785; x_wconf 87' lang='lat' dir='ltr'>Pardalisca</span> 
     </span>
     <span class='ocr_line' id='line_1_26' title="bbox 214 1808 473 1848; baseline 0 -9"><span class='ocrx_word' id='word_1_112' title='bbox 214 1808 353 1848; x_wconf 84' lang='lat' dir='ltr'>Operam</span> <span class='ocrx_word' id='word_1_113' title='bbox 378 1808 473 1840; x_wconf 89' lang='lat' dir='ltr'>dabo.</span> 
     </span>
    </p>
   </div>
   <div class='ocr_carea' id='block_1_12' title="bbox 531 1885 1245 1979">
    <p class='ocr_par' dir='ltr' id='par_1_12' title="bbox 531 1885 1245 1979">
     <span class='ocr_line' id='line_1_27' title="bbox 569 1885 801 1926; baseline 0 -10"><span class='ocrx_word' id='word_1_114' title='bbox 569 1885 801 1926; x_wconf 87' lang='lat' dir='ltr'>Lysidamus</span> 
     </span>
     <span class='ocr_line' id='line_1_28' title="bbox 531 1939 1245 1979; baseline 0.004 -9"><span class='ocrx_word' id='word_1_115' title='bbox 531 1939 613 1970; x_wconf 83' lang='lat' dir='ltr'>Face</span> <span class='ocrx_word' id='word_1_116' title='bbox 636 1942 672 1971; x_wconf 87' lang='lat' dir='ltr'>ut</span> <span class='ocrx_word' id='word_1_117' title='bbox 695 1939 849 1979; x_wconf 81' lang='lat' dir='ltr'>inpetres.</span> <span class='ocrx_word' id='word_1_118' title='bbox 1196 1948 1245 1973; x_wconf 82' lang='grc'>681</span> 
     </span>
    </p>
   </div>
   <div class='ocr_carea' id='block_1_13' title="bbox 128 2082 1251 2195">
    <p class='ocr_par' dir='ltr' id='par_1_13' title="bbox 128 2082 1251 2195">
     <span class='ocr_line' id='line_1_29' title="bbox 214 2082 1251 2117; baseline 0 -8"><span class='ocrx_word' id='word_1_119' title='bbox 214 2084 266 2109; x_wconf 77' lang='grc'>670</span> <span class='ocrx_word' id='word_1_120' title='bbox 283 2083 318 2109; x_wconf 89' lang='lat' dir='ltr'>Ni</span> <span class='ocrx_word' id='word_1_121' title='bbox 337 2083 411 2110; x_wconf 86' lang='grc' dir='ltr'>ΒΙΕ</span> <span class='ocrx_word' id='word_1_122' title='bbox 469 2085 517 2109; x_wconf 80' lang='grc'>671</span> <span class='ocrx_word' id='word_1_123' title='bbox 538 2085 629 2117; x_wconf 82' lang='lat' dir='ltr'>Atque</span> <span class='ocrx_word' id='word_1_124' title='bbox 648 2084 764 2117; x_wconf 70' lang='lat' dir='ltr'>ingratis</span> <span class='ocrx_word' id='word_1_125' title='bbox 826 2084 891 2117; x_wconf 81' lang='lat' dir='ltr'>quia</span> <span class='ocrx_word' id='word_1_126' title='bbox 900 2083 961 2115; x_wconf 79' lang='lat' dir='ltr'>AB,</span> <span class='ocrx_word' id='word_1_127' title='bbox 980 2092 1060 2116; x_wconf 88' lang='lat' dir='ltr'>quem</span> <span class='ocrx_word' id='word_1_128' title='bbox 1080 2084 1103 2115; x_wconf 79' lang='grc' dir='ltr'>Ι,</span> <span class='ocrx_word' id='word_1_129' title='bbox 1123 2092 1205 2116; x_wconf 86' lang='lat' dir='ltr'>quam</span> <span class='ocrx_word' id='word_1_130' title='bbox 1221 2082 1251 2109; x_wconf 85' lang='lat' dir='ltr'><em>E</em></span> 
     </span>
     <span class='ocr_line' id='line_1_30' title="bbox 128 2125 1247 2160; baseline -0.001 -8"><span class='ocrx_word' id='word_1_131' title='bbox 128 2127 179 2152; x_wconf 81' lang='lat'>672</span> <span class='ocrx_word' id='word_1_132' title='bbox 197 2127 258 2159; x_wconf 83' lang='lat' dir='ltr'>cepi</span> <span class='ocrx_word' id='word_1_133' title='bbox 276 2125 306 2152; x_wconf 83' lang='lat' dir='ltr'><em>E</em></span> <span class='ocrx_word' id='word_1_134' title='bbox 405 2127 455 2152; x_wconf 83' lang='lat'>673</span> <span class='ocrx_word' id='word_1_135' title='bbox 474 2135 514 2160; x_wconf 77' lang='lat' dir='ltr'>sq.</span> <span class='ocrx_word' id='word_1_136' title='bbox 535 2127 661 2153; x_wconf 77' lang='lat' dir='ltr'>uolebam</span> <span class='ocrx_word' id='word_1_137' title='bbox 680 2135 736 2152; x_wconf 86' lang='lat' dir='ltr'>non</span> <span class='ocrx_word' id='word_1_138' title='bbox 756 2126 804 2152; x_wconf 80' lang='lat' dir='ltr'>sed</span> <span class='ocrx_word' id='word_1_139' title='bbox 823 2129 920 2153; x_wconf 82' lang='lat' dir='ltr'>nostro</span> <span class='ocrx_word' id='word_1_140' title='bbox 1038 2126 1088 2151; x_wconf 86' lang='grc'>674</span> <span class='ocrx_word' id='word_1_141' title='bbox 1107 2125 1247 2159; x_wconf 78' lang='lat' dir='ltr'>saepicule</span> 
     </span>
     <span class='ocr_line' id='line_1_31' title="bbox 129 2164 1078 2195; baseline 0 -1"><span class='ocrx_word' id='word_1_142' title='bbox 129 2169 179 2195; x_wconf 82' lang='lat'>679</span> <span class='ocrx_word' id='word_1_143' title='bbox 196 2168 265 2195; x_wconf 79' lang='lat' dir='ltr'>haee</span> <span class='ocrx_word' id='word_1_144' title='bbox 284 2167 314 2194; x_wconf 87' lang='lat' dir='ltr'><strong><em>E</em></strong></span> <span class='ocrx_word' id='word_1_145' title='bbox 364 2168 415 2194; x_wconf 76' lang='lat'>680</span> <span class='ocrx_word' id='word_1_146' title='bbox 434 2169 516 2194; x_wconf 81' lang='lat' dir='ltr'>anulo</span> <span class='ocrx_word' id='word_1_147' title='bbox 536 2169 553 2195; x_wconf 81' lang='lat' dir='ltr'>S</span> <span class='ocrx_word' id='word_1_148' title='bbox 573 2168 602 2194; x_wconf 87' lang='lat' dir='ltr'><strong><em>E</em></strong></span> <span class='ocrx_word' id='word_1_149' title='bbox 687 2174 769 2195; x_wconf 69' lang='lat' dir='ltr'>aurea</span> <span class='ocrx_word' id='word_1_150' title='bbox 787 2168 816 2194; x_wconf 88' lang='grc' dir='ltr'><em>Ε</em></span> <span class='ocrx_word' id='word_1_151' title='bbox 1072 2164 1078 2170; x_wconf 83' lang='grc'><strong>”</strong></span> 
     </span>
    </p>
   </div>
   <div class='ocr_carea' id='block_1_14' title="bbox 1561 0 1596 2478">
    <p class='ocr_par' dir='ltr' id='par_1_14' title="bbox 1561 0 1596 2478">
     <span class='ocr_line' id='line_1_32' title="bbox 1561 0 1596 2478; baseline 0 0"><span class='ocrx_word' id='word_1_152' title='bbox 1561 0 1596 2478; x_wconf 95' lang='lat' dir='ltr'> </span> 
     </span>
    </p>
   </div>
  </div>
 </body>
</html>
