1596 2478
314 169 355 197 20
830 164 918 190 Plauti
1253 163 1289 194 11,
1307 164 1331 195 2,
1351 164 1436 189 3—17

314 258 377 290 Sed
408 269 518 290 eccum
548 259 653 299 ipsum
683 261 759 289 ante
789 257 880 289 aedis
911 258 1084 298 conspicor
1112 267 1198 289 emm
1222 268 1321 288 meum
1345 259 1435 298 atque

1031 311 1226 352 Apoecidem

315 390 691 397 ........
738 364 846 406 qualis
870 365 945 397 uolo
969 365 1098 397 uetulos
1122 365 1197 397 duo.

314 420 382 451 Iam
406 430 466 459 ego
485 430 535 450 me
555 422 749 450 conuortam
768 419 800 450 in
819 419 1003 450 hirudinem
1023 423 1122 460 atque
1141 430 1252 450 eorum
1271 420 1434 460 exsugebo

1030 474 1232 512 sauguinem,

314 527 424 558 Senati
449 528 503 567 qui
529 526 676 557 columen
701 527 820 558 cluent.
1388 537 1436 562 190

753 594 994 634 Periphanes

764 707 982 747 Apoecides

314 818 479 848 Continuo
503 820 540 848 ut.
563 817 698 848 maritus
721 816 789 847 fiat.

744 875 999 916 Periphanes

833 929 944 961 Laudo
968 929 1138 961 consilium
1162 934 1269 969 tuuu13

314 985 396 1016 Nam
421 995 480 1024 ego
499 984 590 1015 illum
611 984 721 1015 audiui
741 985 773 1015 in
792 993 934 1014 amorem
954 983 1088 1015 haerere
1107 984 1193 1024 apud
1213 986 1319 1017 nescio
1339 996 1435 1025 quam

1029 1038 1210 1078 fidicinam;

314 1092 350 1124 Id
375 1102 434 1132 ego
458 1093 635 1124 excrucior.

777 1144 973 1187 Epidicus

557 1200 595 1231 Di
620 1200 728 1231 hercle
752 1210 863 1231 omnes
889 1211 938 1231 me
962 1200 1130 1238 adiuuant,
1154 1205 1284 1239 augent.
1309 1205 1435 1239 auiant;

312 1255 379 1295 Ipsi
403 1255 435 1285 hi
460 1254 593 1295 quidem
618 1253 696 1285 mihi
720 1254 801 1285 dant
825 1255 920 1292 uiam,
944 1264 1010 1295 quo
1034 1258 1130 1294 pacto
1152 1254 1193 1285 ab
1212 1265 1246 1285 se
1264 1258 1435 1293 argentum

1030 1307 1186 1339 auferam.
1390 1318 1436 1342 194

315 1363 380 1401 Age
399 1373 483 1393 nunc
503 1362 565 1393 iam
587 1372 668 1393 orna
685 1365 726 1399 te,
746 1361 889 1402 Epidice,
909 1365 941 1393 et
954 1361 1167 1402 palliolumiu
1181 1361 1300 1393 collum
1314 1363 1435 1393 conice.

314 1416 428 1456 Itaque
449 1415 661 1454 adsimulato,
680 1417 773 1455 quasi
793 1427 850 1456 per
867 1415 978 1447 urbem
1000 1419 1103 1447 totam
1122 1415 1285 1447 hominem
1307 1417 1435 1456 quaesi-

1029 1470 1127 1501 ueris.

314 1525 390 1563 Age,
413 1524 438 1555 si
463 1524 540 1564 quid
562 1525 642 1563 agis.
659 1541 694 1545 —
716 1524 755 1554 Di
773 1523 972 1559 inmortales.
992 1524 1117 1555 utinam
1136 1524 1328 1554 conueniam
1347 1524 1435 1555 domi

314 1577 539 1618 Periphanem,
560 1588 617 1618 per
637 1588 763 1608 omnem
782 1577 895 1608 urbem
909 1588 1005 1618 quem
1020 1589 1090 1609 sum
1104 1577 1250 1609 defessus
1264 1588 1433 1618 quaerere,

314 1631 375 1662 Per
398 1631 596 1668 medicinas,
628 1642 685 1671 per
708 1632 904 1666 tonstrinas,
931 1632 960 1662 iu
986 1631 1152 1671 gymnasio
1175 1634 1275 1671 atque
1299 1632 1330 1662 in
1355 1631 1434 1670 foro,

314 1685 374 1716 Per
397 1685 578 1726 myropolia
601 1688 634 1716 et
657 1685 804 1716 lanienas
829 1686 1016 1725 circumque
1041 1685 1255 1724 argentarias.
1385 1694 1436 1718 200

316 1739 499 1778 Rogitando
523 1750 593 1770 sum
618 1749 736 1770 raucus
759 1738 884 1776 factus3
910 1749 1012 1778 paene
1036 1739 1067 1769 iu
1093 1749 1191 1769 cursu
1216 1739 1353 1770 concidi.

744 1809 998 1850 Periphanes

314 1863 459 1903 Epidice.

778 1917 972 1958 Epidicus

511 1970 680 2011 Epidicum
705 1971 778 2011 quis
801 1974 853 2001 est
875 1971 930 2011 qui
956 1971 1112 2002 reuocat?

384 2056 430 2080 187
449 2055 600 2088 conspicor
618 2054 759 2087 Apeciden
859 2056 906 2081 192
925 2055 1059 2081 inmorem
1159 2056 1205 2081 193
1225 2064 1345 2082 excruor

314 2097 403 2122 omnin
477 2098 524 2122 197
542 2097 686 2122 coneninm
757 2098 807 2123 202
827 2097 879 2122 ΑΡ.
899 2097 1015 2130 Epidico
