1596 2478
237 185 270 213 12
744 177 831 203 mmm·
1107 174 1125 205 ι,
1145 173 1250 205 53-11,
1272 174 1293 204 ι,
1316 173 1346 198 13

232 275 334 310 Nunc.
360 286 397 306 ue
422 280 456 306 tu
481 280 512 305 tc
538 273 612 305 mihi
638 271 835 315 respondere
859 270 1015 312 postules.

232 329 321 361 Abeo
345 330 445 367 inti-03
469 328 579 360 taedet
602 327 656 366 tui„
674 325 841 358 sermonis.

690 402 884 434 Chalinus

883 455 927 486 Te
953 465 1080 496 sequor.

234 513 293 545 Hic
317 513 446 555 quidem
472 511 524 553 pol
549 515 637 543 certo
662 510 742 542 nihil
767 519 844 549 ages
868 510 938 540 sine
962 508 1034 540 med
1060 507 1192 540 arbitro.

292 771 565 804 GLEOSTRATA
590 769 765 802 MULIER.
813 768 1076 801 PARDALISCA
1103 767 1295 800 ANCILLA.

674 855 909 887 Cleostrata

278 911 454 949 obsignato
479 910 597 942 cellas:
622 910 740 940 referte
765 909 896 940 anulum
920 909 960 940 ad
987 919 1050 944 me;

261 965 344 1003 *Ego
370 965 432 996 liuc
457 969 584 995 transeo
609 964 639 994 in
666 974 856 1004 proxumum
881 962 922 993 ad
947 973 1050 994 meam
1075 962 1226 993 uicinam.
1304 970 1352 995 145

279 1018 335 1050 Uir
359 1019 384 1049 si
408 1018 485 1059 quid
511 1018 599 1049 uolet
623 1028 680 1053 mc,
705 1016 801 1048 facite
825 1016 900 1048 hinc
923 1028 972 1048 me
997 1017 1181 1048 arcessatis.

674 1094 912 1126 Pardalisca

279 1149 453 1180 Prandium
478 1149 623 1185 iusserat
644 1160 740 1180 senex
765 1148 825 1180 sibi
850 1149 967 1190 parari.

674 1225 907 1257 Cleostrata

1009 1278 1059 1310 St!

275 1333 361 1366 Tace
384 1337 482 1375 atque.
507 1334 569 1365 abi
617 1333 729 1374 Neque
755 1344 833 1374 paro
859 1345 963 1374 neque
988 1333 1083 1365 hodie
1108 1337 1275 1374 coquetur.

278 1387 416 1425 Quando
440 1389 466 1419 is
491 1388 568 1418 mihi
593 1391 625 1418 et
648 1387 714 1419 filio
738 1388 938 1419 adum-satur
961 1399 1020 1419 suo

362 1442 466 1473 Animi
491 1442 674 1482 amorisque
698 1452 797 1474 causa
820 1443 878 1473 sui.
1302 1449 1352 1474 150

237 1496 408 1535 Flagitium
433 1495 510 1527 illud
536 1496 686 1530 hominis,
711 1506 769 1533 ego
793 1495 883 1527 illum
908 1496 1001 1527 fame.
1025 1506 1084 1536 ego
1108 1495 1197 1526 illum
1222 1495 1286 1528 siti.

278 1550 464 1581 Maledictis
488 1550 672 1581 malefactis
695 1554 872 1581 amatorem
896 1550 1045 1581 ulciscar.

279 1604 345 1644 Ego
371 1604 423 1644 pol
449 1603 538 1635 illum
565 1604 664 1644 probe
688 1604 900 1635 incommodis
925 1604 1022 1634 dictis
1046 1613 1171 1643 angam.

280 1658 407 1690 Faciam
434 1658 479 1688 uti
505 1657 641 1698 proinde
665 1662 702 1688 ut
725 1662 776 1688 est
801 1657 917 1697 (lignus
942 1658 1041 1689 uitam
1066 1657 1162 1690 colat.

439 1711 633 1742 Acheruntis
658 1711 823 1752 pabulum,
1307 1719 1354 1743 155

440 1765 556 1805 Flagiti
581 1769 840 1806 persequentem.

439 1819 612 1860 Nequitiae
635 1819 809 1851 stabulum.

323 1948 365 1972 141
389 1946 458 1972 CAL
488 1946 566 1972 Nunc
588 1947 632 1973 IE
706 1948 754 1972 142
772 1947 907 1972 aei-monis
926 1947 966 1972 tui
985 1945 1058 1972 BIE
1122 1945 1177 1972 01...
1198 1945 1244 1972 IE
1308 1947 1354 1972 148

236 1994 290 2016 mot
311 1989 366 2016 BE
435 1990 550 2015 arbitrio
570 1989 599 2015 E

324 2032 551 2058 PERDALISCA
573 2031 606 2063 Β,
629 2032 854 2058 PERDULISCA
878 2031 922 2058 ῙΕ
995 2033 1038 2057 144
1059 2032 1191 2062 Abeimite
1212 2031 1240 2057 E
1308 2033 1355 2056 145

238 2076 365 2100 uiciniam
387 2075 409 2100 A
474 2076 520 2100 1⁴6
540 2075 602 2100 hinc
620 2076 764 2100 tin-vasania
786 2076 806 2100 A
871 2076 917 2100 147
938 2079 980 2099 ata
999 2073 1073 2100 BIE
1128 2075 1173 2100 154
1194 2079 1220 2099 nt
1241 2083 1290 2100 om.
1311 2073 1355 2100 IE

322 2117 434 2150 dignum
455 2118 477 2142 A
