1596 2478
143 194 175 227 V,
196 195 219 224 1,
239 193 339 220 16-27
636 193 779 227 Epidicus.
1231 195 1270 224 53

552 287 859 328 Stratippocles

144 341 234 374 Haec
252 345 311 374 est.
352 341 463 379 Estne,
488 342 535 373 ita
554 344 590 372 ut
608 341 668 372 tibi
692 341 767 378 dixi,
786 357 826 362 —
841 340 998 380 adspecta
1017 343 1050 372 et
1069 341 1266 380 contempla,

979 393 1114 434 Epidice
1136 411 1179 415 —
1218 402 1270 428 620

142 449 255 490 Usque
279 449 320 480 ab
344 448 520 489 unguiculo
544 448 586 479 ad
611 447 764 488 capillum
790 457 951 479 summum
975 447 1223 479 sestiuissuma?

143 503 244 534 Estne
279 502 456 534 consimilis
493 502 586 542 quasi
622 511 720 542 quom
755 502 882 541 siguum
914 501 1039 541 pictum
1068 501 1179 541 pulcre
1210 501 1266 532 ad-

860 555 1030 595 spexeris?

607 614 805 654 Epidicus

144 669 191 700 Ex
214 669 280 700 tuis
304 668 414 700 uerbis
439 678 544 699 meum
569 668 714 700 futurum
738 667 862 700 corium
886 667 1033 708 pulcrum
1057 667 1240 708 praedicas,

144 721 245 760 Quem
270 722 384 763 Apella
407 726 505 763 atque
529 723 646 754 Zeuxis
671 722 735 753 duo
759 722 895 762 pingent
920 721 1094 762 pigmentis
1117 721 1240 753 ulmeis.

556 798 859 839 Stratippocles

143 853 182 884 Di
205 853 406 891 inmortales,
430 853 476 885 sic
499 857 531 884 te
554 853 633 884 iussi
658 852 699 883 ad
723 862 774 883 me
798 852 845 883 ire
869 851 1032 892 pedibus?
1057 851 1221 891 Palmipes

144 906 205 945 Qui
230 907 430 947 perhibetur,
453 907 544 947 prius
570 907 724 944 uenisset,
750 916 848 946 quam
867 910 903 937 tu
923 905 1088 937 aduenisti
1109 905 1199 936 mihi.
1221 913 1271 938 626

615 982 791 1014 Danista

143 1037 233 1069 Haec
257 1037 373 1078 edepol
396 1041 563 1069 remorata
589 1037 662 1068 med
687 1041 744 1068 est.

554 1112 863 1154 Stratippocles

787 1166 819 1198 Si
844 1165 976 1207 quidem
999 1165 1094 1197 istius
1118 1166 1227 1205 gratia

143 1220 181 1252 Id
203 1221 406 1259 remoratu's,
430 1221 517 1262 quod
542 1221 606 1252 ista
629 1220 744 1259 uoluit,
769 1220 903 1251 nimium
927 1219 1091 1251 aduenisti
1115 1220 1191 1250 cito.

618 1297 645 1328 D
655 1298 741 1328 anis
751 1301 790 1328 ta

144 1352 225 1392 Age,
250 1362 323 1392 age,
348 1351 483 1383 absolue
508 1361 553 1382 me
577 1356 676 1391 atque
700 1355 871 1390 argeutum
894 1360 1044 1388 numera,
1068 1359 1108 1380 ne
1132 1350 1271 1380 comites

863 1414 978 1435 morer.

554 1480 859 1522 Stratippocles

144 1535 457 1566 Pernumeratumst.

622 1594 649 1625 D
659 1606 678 1625 a
685 1595 721 1625 ni
731 1598 793 1626 sta

391 1649 477 1680 Tene
502 1649 698 1687 cruminam3
722 1648 784 1679 huc
806 1647 898 1687 inde;
923 1647 1022 1687 capit.

555 1724 859 1766 Stratippocles

968 1778 1017 1809 An
1040 1780 1076 1808 tu
1099 1777 1193 1808 neuis
1219 1784 1273 1810 630

145 1831 305 1873 Opperiri,
330 1832 406 1864 dum
431 1833 528 1865 effero
553 1834 593 1865 ad
618 1837 651 1864 te
675 1833 868 1873 argentum?

212 1956 263 1982 620
280 1956 335 1982 ista
352 1957 387 1989 A,
407 1964 456 1983 om.
476 1956 503 1982 Β
585 1961 699 1990 aspecta
718 1957 779 1982 hoec
798 1956 957 1989 contempla
976 1954 1092 1988 epydice
1109 1953 1138 1980 Β
1221 1954 1270 1980 621

144 1998 248 2032 ungulo
268 1999 295 2024 A
359 2007 497 2025 summum
517 2002 560 2025 est
626 2000 676 2025 822
695 1999 781 2025 Estne
801 1998 949 2024 considera
960 2016 1034 2024 .....
1045 1997 1155 2030 signum
1173 1996 1201 2023 Β

144 2041 248 2069 uideris
266 2041 294 2067 B
354 2042 405 2067 624
423 2041 546 2075 appelles
600 2042 715 2075 piucent
770 2041 853 2067 ulmis
916 2041 966 2066 625
985 2040 1043 2066 scio
1062 2040 1131 2066 iussi
1149 2039 1270 2065 admirer

210 2084 360 2118 pulmunes
418 2085 468 2110 629
487 2092 531 2110 me
550 2091 609 2110 oms
661 2092 777 2110 numera
795 2091 911 2109 numera
973 2083 1024 2109 630
1042 2082 1272 2108 Pernumeratust

212 2126 286 2152 inde.
308 2126 359 2153 ST.
379 2126 528 2160 Sapienter
546 2127 634 2152 uenis.
706 2127 753 2152 631
775 2125 890 2159 Operire
