1596 2478
145 193 181 221 ΙΙ.
201 195 225 226 8,
245 194 346 220 54—68
622 191 786 218 Cistellaria.
1201 191 1260 220 109

601 286 798 318 Melaenis

144 344 198 375 Te.

593 405 812 447 Lampadio

230 462 314 500 Quid
338 463 447 502 negoti
472 462 545 493 est?
567 471 640 492 nam
666 463 846 500 occupatus
870 470 940 491 sum
965 459 1126 499 ampliter.

606 537 802 569 Melaenis

147 594 227 632 Quis
249 594 326 626 istic
348 591 498 624 habitat?

593 667 814 709 Lampadio

547 722 716 764 Demipho,
741 721 890 753 dominus
913 731 1013 752 meus.

606 787 816 831 Melaenis*

149 855 274 897 Nempe
297 856 370 887 istic
394 861 454 893 est,
478 855 533 896 qui
557 853 800 885 Alcesimarcho
824 852 923 884 filiam

149 910 248 942 Suam
271 908 446 950 despondit
467 909 500 939 in
524 908 659 939 diuitias
683 907 875 939 maxumas?
1218 916 1269 941 435

599 984 817 1025 Lampadio

150 1041 182 1073 Is
204 1041 318 1082 ipsust.

610 1110 809 1142 Melaenis

356 1165 427 1197 Eho
450 1169 496 1204 tu,
520 1175 619 1206 quam
642 1175 701 1196 uos
724 1165 825 1203 igitur
847 1164 948 1195 filiam

150 1220 245 1252 Nunc
267 1219 461 1260 quaeritatis
485 1219 643 1251 alteram?

596 1295 818 1336 Lampadio

682 1349 751 1389 Ego
775 1349 882 1380 dicam
904 1349 981 1380 tibi:

152 1406 223 1438 Non
248 1417 286 1437 ex
308 1415 410 1436 uxore
433 1408 554 1442 natam,
577 1404 688 1436 uxoris
710 1403 819 1435 filiam.

614 1492 810 1524 Melaenis

155 1547 240 1586 Quid
262 1548 349 1579 istuc
373 1551 424 1579 est
445 1546 560 1579 uerbi?

604 1623 821 1664 Lampadio

596 1678 645 1709 Ex
669 1678 777 1718 priore
801 1677 938 1708 muliere

156 1733 250 1772 Nata,
275 1734 418 1774 inquam,
442 1743 512 1763 meo
536 1742 591 1764 ero
614 1731 682 1763 filia
705 1736 764 1763 est.

614 1820 810 1852 Melaenis

811 1873 906 1905 Certo
932 1873 1026 1905 modo
1223 1884 1277 1908 440

157 1930 272 1968 Huius,
295 1939 380 1971 quae
403 1929 514 1961 locuta
537 1934 597 1968 est,
620 1939 777 1969 quaerere
801 1928 892 1960 aibas
915 1927 1026 1959 filiam.

243 2050 292 2075 433
310 2049 382 2074 istuc
399 2047 447 2074 IE
511 2048 641 2081 dephimo
659 2048 706 2074 LE
773 2048 825 2073 434
845 2046 1065 2073 alchesimarcho
1084 2046 1150 2080 BE,
1171 2047 1276 2073 achesi-

157 2100 254 2118 marco
264 2092 285 2118 I
333 2092 383 2117 435
394 2091 539 2124 dispondit
548 2090 606 2117 BE
661 2092 712 2116 436
721 2091 798 2124 ipsus
809 2095 853 2116 est
896 2090 937 2116 Eo
949 2089 1008 2116 ΒΕ
1054 2091 1105 2116 437
1115 2090 1234 2116 deiciam
1243 2089 1277 2122 B,

160 2135 268 2161 demam
287 2133 317 2174 Ε
383 2135 434 2160 439
452 2134 546 2159 uerbis
565 2133 620 2160 BE
688 2134 739 2159 440
757 2138 800 2159 est
817 2132 876 2159 filia
892 2132 950 2158 BE
1035 2134 1084 2159 441
1104 2133 1198 2160 aiebas
