1596 2478
140 194 185 221 lv.
205 195 229 225 2,
248 194 348 219 51—59
607 192 787 218 Menaechmi.
1192 196 1250 225 201

590 286 804 318 Peniculus

139 342 224 374 Nihil
249 342 308 373 hoc
333 341 557 378 confidentius,
583 341 648 381 qui,
673 352 758 380 quae
783 341 885 378 uides,
909 353 947 372 ea
973 346 1138 382 pernegat.

556 423 840 454 Menaechmus

140 479 199 510 Per
229 478 336 509 Iouem
367 478 508 518 deosque
538 478 641 508 omnis
672 477 802 511 adiuro,
832 489 914 509 uxor
938 496 976 499 —
1003 480 1085 510 satin
1118 479 1178 510 hoc
1207 483 1256 510 est

851 532 933 563 tibi?
959 551 994 554 -

138 586 188 618 Me
212 587 265 618 isti
290 598 353 617 non
378 590 520 618 nutasse.

592 656 803 687 I’rnieulus

532 710 644 742 Credit
667 711 730 742 iam
756 710 815 742 tibi
840 711 878 742 de
904 712 981 749 isto3
1007 712 1083 743 illuc
1106 712 1186 743 redi.
1205 721 1256 746 605

554 793 835 825 Menaechmus

137 848 207 886 Quo
231 849 386 880 redeam?

587 919 804 950 Peniculus

311 973 469 1014 Equidem
493 974 534 1005 ad
558 973 768 1014 phrygionem
794 984 920 1005 censeo.
967 973 990 1008 Ι,
1017 974 1136 1015 pallam
1160 975 1255 1005 refer.

599 1055 631 1087 M
641 1059 729 1088 atro
738 1066 786 1087 na

136 1110 226 1149 Quae
249 1112 352 1143 istaec
376 1111 465 1151 palla
489 1110 557 1142 est?

556 1186 831 1218 Menaechmus

319 1241 424 1273 Taceo
448 1242 522 1279 iam,
545 1241 677 1282 quando
702 1241 783 1272 haec
806 1252 873 1272 rem
898 1253 958 1273 non
984 1243 1129 1274 meminit
1151 1254 1254 1274 suam.

134 1296 219 1328 Num
243 1296 315 1337 quis
339 1306 509 1327 seruorum
534 1296 693 1336 deliquit?
716 1306 792 1327 num
817 1296 954 1327 ancillae
978 1301 1035 1328 aut
1058 1298 1145 1328 serui
1172 1297 1232 1328 tibi

135 1350 362 1391 Responsant‘?
408 1349 587 1391 Eloquere3
612 1351 732 1390 inpune
757 1361 819 1381 non
845 1351 917 1382 erit.

598 1438 631 1470 M
639 1442 679 1470 at
686 1449 702 1470 r
710 1449 728 1470 o
737 1450 757 1470 n
766 1450 784 1470 a

951 1493 1063 1533 Nugas
1087 1494 1167 1534 agis.

550 1564 834 1596 Menaechmus

133 1619 250 1651 Tristis
273 1619 448 1650 admodum
473 1622 538 1657 est;
572 1630 636 1650 non
668 1618 746 1650 mihi
777 1619 862 1650 istuc
891 1620 972 1650 satis
1002 1619 1123 1660 placet.
1152 1630 1254 1659 nugas

848 1683 929 1713 agis.
1205 1682 1256 1708 610

134 1726 230 1759 Certe
254 1727 464 1759 familiarium
489 1727 614 1768 aliquoi
637 1728 723 1759 irata
747 1738 791 1759 es.

600 1805 788 1836 Matrona

841 1859 953 1899 Nugas
977 1859 1056 1899 agis.

201 1971 252 1996 603
270 1969 392 2003 quinque
411 1969 490 1995 uides
551 1970 602 1995 605
621 1969 676 1995 Mei
696 1971 718 1995 si
740 1978 794 1995 non
815 1969 847 2001 B,
867 1969 921 1995 Mei
942 1978 1031 1995 sunon
1051 1969 1073 1996 Ο
1129 1970 1183 1997 ΡΕ.
1203 1979 1252 1997 om.

201 2014 261 2039 istis
333 2012 407 2038 credi
427 2012 453 2037 B
525 2013 576 2038 606
595 2012 653 2044 Quo
673 2013 822 2045 egrodeam
899 2013 1086 2045 phyygionem
1107 2022 1207 2039 censeo
1227 2018 1252 2039 et

134 2057 235 2089 pallam
324 2056 374 2081 607
393 2054 453 2080 ME.
541 2055 595 2080 ista
616 2059 643 2081 et.
663 2056 683 2081 C
767 2054 854 2080 ΜΕΝ.
874 2063 922 2081 om.
1007 2056 1120 2081 memini
1204 2058 1254 2082 608

134 2098 257 2132 deliquid
349 2103 443 2123 seruet
535 2098 584 2123 609
603 2097 752 2131 Responde
772 2102 836 2123 ante
856 2098 969 2130 loquere
989 2097 1024 2128 B,
1044 2098 1170 2130 Respons
1190 2103 1253 2124 ante

133 2141 247 2174 loquere
267 2141 288 2167 C
373 2142 420 2166 611
443 2141 536 2174 aliquo
555 2139 583 2166 B
