1596 2478
295 186 354 215 142
799 182 906 210 Casina.

291 280 399 309 Casina
422 281 478 308 ait:
514 279 580 308 Non
611 289 664 317 ego
694 280 748 309 hoc
778 281 901 309 verbum
930 281 1063 309 emsitem
1095 281 1258 317 titivilstio,
1290 282 1310 311 i.
1335 292 1359 310 e.
1384 291 1417 310 re

292 331 451 360 admodum
476 330 649 359 vilissima“.
678 345 720 350 ——
749 331 819 360 329.
850 328 889 360 St
912 331 1022 360 Pareus
1051 332 1183 368 addidit,
1215 333 1338 369 eiusque
1368 342 1417 361 ve-

291 383 381 419 stigia
403 383 433 410 in
458 382 480 410 Β
503 382 559 409 sibi
583 383 716 410 invenire
738 382 895 411 videbatur
918 382 1049 411 Studem.
1075 383 1140 412 Iud.
1165 383 1224 412 sch.
1249 383 1416 422 Gryphisw.

295 431 402 470 18⁷¹s72
427 443 456 470 p.
481 433 510 467 4,
540 433 590 461 ubi
617 432 664 468 „S.
689 432 772 461 tace“
799 436 907 467 exstat,
933 435 974 461 ita
998 436 1031 461 ut
1055 433 1074 462 S
1098 437 1170 463 nota
1193 436 1270 463 senis
1293 435 1341 470 eit,
1365 435 1418 463 sed

291 487 358 523 post
381 485 435 512 hoc
459 494 542 512 erasa
566 487 611 512 est
634 484 735 512 littera
758 488 780 512 t.
801 499 842 503 —
859 491 1033 520 parumper
1045 484 1171 520 Camer.‚
1196 485 1230 513 cs.
1245 485 1329 514 Curc.
1347 487 1417 514 357.

292 536 380 564 Most.
408 536 499 564 1133.
523 549 563 554 —
590 532 675 572 Quid
696 532 771 564 ut's?
795 535 929 572 Seyffert.
950 535 1057 564 Philol.
1070 535 1171 564 XXIX
1189 546 1216 573 p.
1233 537 1293 565 388
1320 536 1418 572 „Quid

292 585 378 615 est?“
404 586 576 624 postulabat
598 590 632 614 ut
651 596 741 624 supra
762 587 830 614 195.
867 586 973 615 Pseud.
989 587 1060 615 209.
1096 587 1186 615 Poen.
1201 588 1272 616 608.
1297 587 1418 616 Trucul.

293 639 363 666 879.
409 637 515 674 Itaque
539 640 572 666 ut
595 648 698 666 versus
722 640 874 666 constaret
896 638 972 666 coni.
1001 638 1097 672 „Quid
1121 641 1175 673 est,
1201 636 1354 675 quaeso?“
1378 653 1420 657 —

293 690 364 718 331.
389 685 633 725 depuynabimus
657 689 726 717 olim
752 699 807 716 em.

379 741 449 768 332.
486 740 651 768 Cleostrata
673 741 748 775 exit,
779 742 812 767 ut
834 739 1040 777 postulaverat
1063 741 1110 768 vir
1132 749 1159 768 V.
1185 741 1256 775 274,
1281 750 1347 768 cum
1373 750 1418 768 nr-

292 792 417 828 migero.
473 792 586 826 Quaerit
615 791 651 819 nb
681 801 729 827 eo,
764 790 837 828 quid
866 800 897 818 se
927 791 974 818 vir
1001 791 1073 819 velit
1103 787 1153 826 (cf.
1178 791 1215 820 ad
1238 790 1306 820 Aul.
1333 789 1418 827 202).

292 843 346 871 llle
369 842 534 871 scurriliter
557 843 731 879 respondet:
767 845 925 875 mortuam,
957 842 986 869 in
1010 851 1082 879 rogo
1101 841 1253 870 ardentem
1271 845 1301 870 te
1319 843 1420 871 videre

293 894 366 922 vult.
417 891 573 922 morsuum-
602 894 680 922 enim
709 896 788 921 recte
817 892 987 921 emendavit
1015 892 1125 921 Ritsch.
1151 893 1215 922 Ind.
1239 893 1299 922 sch.
1324 893 1419 922 Bonn.

296 945 393 980 1832,
422 954 513 982 quum
542 946 710 982 superiores
737 942 898 980 „Metiam“
925 943 1065 979 ederent,
1101 945 1185 981 quasi
1214 944 1270 972 hoc
1301 945 1420 973 nomine

292 999 381 1034 porta
414 996 514 1032 aliqua
549 994 650 1023 Romae
686 995 807 1030 fuisset,
843 1004 909 1032 quae
943 1005 1102 1033 numquam
1137 995 1208 1030 fuit,
1245 1005 1271 1024 v.
1296 995 1419 1024 Becker.

293 1046 413 1075 Enchir.
438 1047 528 1083 antiq.
554 1046 637 1075 Rom.
662 1046 675 1074 I
699 1056 726 1084 p.
756 1047 823 1075 178.
874 1043 979 1075 Extra
1002 1045 1130 1083 portam
1154 1050 1250 1074 autem
1275 1046 1420 1075 cadavera

293 1102 323 1126 et
346 1098 510 1126 urebantur
534 1101 565 1125 et
588 1098 820 1135 sepeliebantur,
846 1098 881 1126 cf.
903 1097 965 1126 Mil.
987 1098 1058 1126 361.
1094 1097 1201 1125 Pseud.
1223 1098 1293 1132 332,
1317 1107 1418 1126 verum

294 1158 352 1177 non
381 1152 464 1177 extra
494 1151 602 1176 certam
633 1149 792 1186 quandam,
827 1149 877 1176 sed
902 1152 985 1176 extra
1015 1158 1124 1176 omnes.
1162 1163 1201 1169 —
1238 1148 1308 1176 334.
1341 1145 1420 1177 uelle

294 1199 394 1228 Dousa
419 1209 473 1228 em.
504 1214 546 1219 —
576 1201 645 1228 335.
677 1200 853 1237 Lysidamus
885 1199 997 1227 fatetur
1020 1199 1175 1227 Chalinum
1204 1209 1276 1227 vera
1300 1199 1418 1228 dixisse.

294 1251 433 1280 Hariolus
457 1253 511 1285 est,
535 1252 642 1288 inquit,
666 1255 700 1279 ut
723 1253 772 1288 qui
796 1255 856 1279 tam
880 1260 948 1278 vere
972 1250 1093 1286 divinet,
1120 1251 1156 1279 cf.
1179 1251 1215 1279 ad
1239 1250 1322 1279 Asin.
1349 1251 1418 1279 314.

293 1302 359 1331 Non
400 1303 554 1331 credebam
590 1303 724 1339 profecto
762 1312 807 1330 me
842 1302 932 1330 talem
968 1301 1109 1330 artificem
1146 1302 1175 1330 in
1210 1302 1322 1330 familia
1355 1311 1421 1330 mea

293 1354 410 1382 babere.
435 1368 477 1373 —
501 1354 571 1381 336.
590 1351 728 1390 propius
752 1350 933 1382 attollamus
956 1351 1057 1389 Siyna,
1082 1353 1173 1390 siguis
1198 1353 1325 1381 sublatis
1349 1363 1418 1390 pro-

293 1406 361 1442 pius
385 1404 567 1433 accedamus.
590 1418 632 1423 —-
656 1405 726 1432 337.
752 1401 887 1442 Sequere
911 1404 1078 1441 Olympioni
1105 1403 1186 1432 dicit.

382 1456 451 1484 338.
478 1453 520 1484 Te
542 1463 605 1484 uno
617 1452 704 1492 plus.
729 1456 764 1484 cs.
785 1455 876 1484 Stich.
893 1456 962 1483 500.
998 1455 1087 1484 Poen.
1102 1455 1172 1483 723.
1205 1454 1303 1483 Madv.
1318 1453 1419 1483 Gram-

295 1507 360 1535 Lat.
383 1508 453 1535 305.
473 1510 570 1536 annot.
597 1508 624 1535 3.
651 1521 686 1526 —·
715 1508 784 1535 340.
809 1502 927 1535 Fodico
945 1509 1026 1534 recte
1044 1506 1212 1534 emendavit
1232 1505 1328 1540 Both..
1353 1515 1419 1534 nam

294 1568 359 1586 cum
371 1555 499 1586 stimulo
512 1567 542 1585 se
555 1563 791 1596 comparaverat,
812 1567 871 1595 quo
885 1558 935 1595 qui
950 1558 1038 1585 boves
1053 1557 1188 1594 impellit,
1209 1567 1310 1585 eorum
1325 1557 1419 1585 latera

295 1609 380 1637 fodit.
415 1623 456 1627 —
490 1608 629 1637 Proxima
660 1612 816 1647 corruptum
851 1609 904 1637 sed
933 1608 1013 1645 quod
1041 1610 1083 1636 uit
1112 1608 1222 1636 Pareus
1250 1609 1278 1636 in
1308 1607 1372 1636 cod.
1398 1607 1420 1635 B

293 1663 363 1698 post
389 1659 578 1695 „corculum“
605 1660 729 1698 reliqua,
754 1669 844 1698 quum
867 1660 997 1697 spatium
1021 1663 1165 1694 vacasset,
1189 1658 1226 1687 ab
1250 1658 1309 1687 aliu
1332 1667 1420 1686 manu

295 1711 414 1749 expleta
437 1721 514 1746 esse,
542 1721 601 1740 non
624 1715 670 1740 est
693 1712 750 1746 ita3
786 1711 888 1739 eadem
911 1721 1001 1739 manu
1024 1710 1086 1739 haec
1110 1711 1222 1748 scripta
1249 1712 1335 1746 sunt,
1364 1709 1421 1738 nisi

294 1762 374 1799 quod
408 1763 558 1791 recentior
592 1763 699 1800 aliquis
734 1762 836 1791 addita
870 1762 972 1790 littera
1006 1772 1021 1790 c
1058 1760 1267 1797 „adsudascit“
1304 1759 1420 1789 efficere

294 1814 399 1842 voluit.
455 1813 595 1842 Editores
618 1815 660 1842 sic
691 1813 765 1842 fere:
800 1813 968 1848 „corculum
992 1811 1162 1841 adsudassit
1189 1812 1245 1840 iam
1270 1822 1305 1840 ex
1329 1814 1420 1840 metu.

294 1864 434 1893 SENEX.
459 1864 635 1902 Mastigia“;
670 1865 798 1893 Pax-eus:
825 1861 1044 1900 ,‚adsudascit“,
1068 1862 1234 1892 Acidaliue:
1270 1862 1422 1898 „adsultat

293 1914 366 1950 sic“,
390 1915 494 1944 Both.:
529 1914 754 1950 „adsultascit“.
806 1915 913 1944 Omnes
937 1915 999 1943 seni
1022 1924 1112 1943 unum
1135 1914 1261 1943 verbum
1284 1914 1422 1942 tribuunt

293 1964 450 2003 mastigia,
475 1967 610 2003 quamvis
634 1976 687 1995 nec
710 1966 765 1996 hoc
787 1965 851 1994 fieri
875 1966 979 2003 possit,
1011 1976 1064 1994 nec
1087 1968 1157 1993 ante
1181 1964 1256 1993 illud
1279 1965 1310 1993 in
1333 1963 1419 1993 codd.

295 2018 424 2055 spatium
458 2020 552 2046 vacet.
610 2017 672 2046 Hoc
700 2017 730 2046 in
759 2017 783 2046 B
814 2016 848 2045 fit
877 2020 947 2055 post
977 2013 1176 2052 „corculum“‚
1212 2015 1313 2053 ibique
1341 2015 1421 2044 senis

295 2069 389 2096 oratio
412 2068 580 2106 incipienda
604 2072 658 2097 est.
702 2068 810 2097 Verum
835 2067 1001 2096 adsudandi
1026 2067 1150 2095 verbum
1174 2067 1287 2095 nullum
1313 2069 1421 2101 exstat,

294 2128 363 2147 nam
387 2118 466 2156 quod
489 2118 574 2148 Varr.
598 2120 631 2149 L.
658 2119 690 2148 L.
715 2119 749 2155 V,
782 2119 839 2147 109
870 2118 995 2155 legitur:
1033 2118 1162 2154 „dictum
1192 2127 1305 2154 assum,
1339 2116 1421 2154 quod
