1596 2478
607 180 636 206 v.
656 180 800 206 828—342.
1201 181 1260 210 357

143 275 238 303 norm.
274 275 371 303 XVlll
406 287 432 313 p.
471 277 546 305 568:
585 279 721 314 „qumnst
757 274 861 311 agna“.
920 276 1058 305 Errorem
1093 276 1203 303 codicis
1238 276 1259 304 C

142 325 240 361 ‚,feta“
268 326 435 354 Buecheler.
462 327 536 355 Mus.
562 328 654 357 Rhen.
680 327 808 356 XXXIX
831 339 858 366 p.
886 328 944 356 287
969 328 1044 356 tucri
1069 331 1198 356 conatur.
1221 342 1257 347 --

139 375 277 415 quamvis
309 377 378 406 Leo.
411 378 501 415 Bugg.
542 379 694 416 „quoiuis“
732 380 900 417 scripserat.
938 393 973 398 -
1017 380 1086 407 837.
1122 376 1171 407 Eo
1206 387 1259 416 eyo

138 429 237 464 codd.;
261 429 326 457 edd.
354 429 435 464 „Ego
459 432 523 465 co“,
548 432 596 458 vix
620 431 793 459 necessario.
826 445 864 449 —
888 427 1008 460 Fecisti
1030 428 1191 465 commode,
1222 432 1256 459 cs.

137 480 196 508 Cic.
221 481 257 508 ad
283 481 371 509 Attio.
396 481 430 515 X,
457 483 488 509 3:
522 482 659 516 ‚feceris
684 483 776 517 igitur
800 482 953 510 commode
977 483 1106 519 mihique
1130 485 1257 518 gratum,

137 533 159 559 si
185 542 227 560 me
251 531 286 559 «le
311 532 354 560 his
378 533 465 561 rebus
490 556 495 561 .
523 556 527 561 .
554 556 560 561 .
584 534 688 561 feceris
712 532 899 561 certiorem.
952 533 1003 570 XI,
1030 535 1057 568 7,
1083 535 1115 562 7:
1154 534 1258 569 „Quod

136 584 264 618 litteras,
300 584 407 621 quibus
442 587 527 621 putas
563 595 636 622 opus
671 595 747 617 esse„
788 594 874 613 curas
906 585 1032 620 dandas,
1074 585 1145 614 facis
1180 595 1257 614 com-

136 635 251 663 modest
277 650 317 654 —
342 632 430 664 Bene
453 632 585 671 ambula,
611 646 635 664 v.
662 637 698 664 ad
721 637 802 664 Asin.
831 637 898 664 107.
928 651 963 654 —
988 637 1058 665 838.
1083 634 1199 674 aliquis
1223 637 1256 666 R.

135 687 202 715 add.
228 701 268 705 --
293 687 362 715 839.
388 685 456 718 etsi,
481 689 625 725 quamvis,
650 698 675 716 v.
703 688 771 716 599.
808 703 848 706 —
883 688 953 716 840.
979 686 1058 717 Nisi
1082 692 1134 717 cet.
1180 690 1257 717 Ante

136 738 196 767 haec
219 739 338 766 auditur
361 738 419 767 tale
443 738 528 776 quid:
566 739 646 767 Intra
670 739 825 774 audactam
861 739 921 768 noli
945 741 1097 777 postulare
1121 743 1154 768 ut
1177 741 1256 769 canis

137 790 284 827 abigatur.

219 944 427 974 Callidamates
457 955 558 974 servos
593 955 659 973 suos
689 946 724 974 ad
750 945 978 974 Philolachetem
1012 947 1069 975 sibi
1098 946 1255 975 adversum

132 997 233 1025 venire
256 997 384 1025 iusserat
407 994 505 1034 (306).
564 997 650 1025 Venit
683 1008 758 1026 unus
793 998 970 1034 Phaniscus,
1005 999 1095 1026 ceteri
1129 1001 1254 1027 cessant.

132 1048 217 1076 Alter
239 1052 337 1076 tamen
360 1048 448 1085 paulo
473 1052 539 1086 post
564 1045 653 1085 (868)
684 1059 795 1086 poenam
825 1053 960 1078 metuens
989 1059 1055 1077 eum
1085 1050 1255 1086 assequitur

131 1109 372 1137 communemque
407 1110 472 1128 cum
508 1110 541 1128 eo
575 1110 695 1138 operam
730 1104 860 1138 praestat.
915 1100 1042 1129 Nomina
1076 1102 1105 1129 in
1134 1101 1158 1129 Β
1187 1101 1254 1129 huic

131 1160 225 1179 scenae
259 1152 463 1189 suprascripta
496 1152 572 1180 falsa
606 1155 682 1180 sunt.
740 1152 900 1181 Phaniscus
935 1153 1049 1181 cantico
1080 1151 1253 1190 (842—67)

132 1203 280 1240 ingenium
303 1213 386 1232 suum
412 1205 531 1241 exponit
554 1205 697 1242 bonaeque
721 1204 799 1241 frugi
823 1214 922 1232 servos
946 1214 1007 1242 prae
1030 1205 1115 1232 malis
1145 1207 1175 1232 et
1198 1205 1252 1233 im-

130 1254 231 1292 probis
255 1255 366 1283 laudnt.
412 1255 565 1284 Canticum
589 1257 678 1284 variis
702 1256 831 1284 numeris
855 1257 1054 1293 conscriptum
1080 1259 1133 1284 est.
1192 1256 1252 1285 842

131 1309 246 1334 constat
270 1316 304 1334 ex
327 1306 452 1335 iambico
477 1307 602 1335 dimetro
627 1310 656 1335 et
680 1308 794 1336 duobus
819 1309 984 1346 anapaestis.
1033 1308 1092 1336 843
1117 1309 1253 1336 trimeter

131 1359 268 1386 creticus.
320 1358 379 1386 844
394 1370 432 1379 =
448 1359 518 1387 842.
571 1359 630 1387 845
654 1359 822 1388 trochaicus
845 1360 979 1388 dimeter.
1026 1360 1086 1388 846
1112 1362 1252 1397 anapaest.

130 1410 309 1437 octonarius.
356 1410 500 1438 847—50
526 1410 665 1438 lncunosi.
721 1412 779 1439 851
811 1411 941 1448 tripodia
971 1411 1096 1439 iambica
1125 1411 1250 1439 catalec-

130 1462 188 1489 tica
212 1461 256 1488 bis
280 1463 415 1498 repetita.
474 1462 619 1490 852—54
644 1464 810 1491 tetrametri
834 1462 991 1491 bacchiaci.
1039 1463 1098 1491 855
1129 1463 1255 1491 dimeter-

129 1511 303 1540 bacchiacus
342 1523 407 1542 cum
442 1514 563 1551 dipodia
598 1514 733 1542 iambica.
797 1515 856 1542 856
891 1517 1007 1542 tetram.
1043 1514 1143 1543 bacch.
1191 1515 1251 1543 857

128 1577 345 1586 ——————
371 1566 416 1593 bis
434 1565 604 1603 repetitum.
652 1566 712 1594 858
737 1569 852 1594 tetram.
878 1565 977 1594 bacch.
1027 1567 1086 1594 859
1112 1566 1250 1594 incertus.

130 1617 189 1645 860
214 1617 379 1645 trochaicus
403 1618 580 1645 octonarius.
628 1618 685 1645 861
712 1617 833 1654 dipodia
856 1617 980 1645 iambica
999 1627 1063 1645 cum
1080 1617 1251 1646 choriambo

129 1672 158 1696 et
180 1668 317 1697 trochaeo.
365 1669 424 1696 862
448 1671 568 1697 tetram.
593 1669 728 1697 creticus.
781 1669 840 1697 863
866 1672 934 1697 tetr.
960 1668 1142 1697 bacchiacus.
1190 1670 1250 1697 864

128 1722 197 1748 tetr.
220 1720 355 1748 creticus.
403 1721 461 1748 865
494 1721 629 1748 trimeter
653 1721 857 1757 anapaesticus.
916 1721 1060 1749 866—67
1090 1722 1251 1758 septenarii

127 1771 280 1800 trochaici.

214 1822 307 1851 Primi
341 1826 403 1851 tres
437 1833 540 1852 versus
574 1825 603 1852 in
639 1824 712 1852 duos
742 1824 855 1851 redacti
884 1824 1021 1860 leguntur
1050 1824 1140 1852 etiam
1170 1824 1250 1852 Men.

129 1877 195 1910 post
219 1874 278 1902 964
303 1884 319 1902 a
342 1874 455 1903 lectore
479 1876 554 1903 male
578 1876 668 1904 sciolo
692 1875 844 1913 adscripti.
892 1876 952 1903 842
977 1876 1006 1903 in
1030 1875 1055 1903 A
1078 1875 1173 1904 lectus
1196 1878 1250 1910 est,

129 1922 274 1961 (Studem.
296 1925 457 1962 Festgruss
480 1937 508 1965 p.
535 1925 598 1964 45).
644 1927 749 1956 care-nt
772 1929 850 1955 recte
873 1927 912 1962 A3
940 1924 1072 1963 ‚,carint“
1098 1927 1172 1954 nihil
1197 1930 1250 1955 est.

128 1976 364 2014 Exspectabatur
390 1978 556 2013 „careant‘ss
581 1982 611 2007 et
633 1980 675 2006 sic
698 1979 793 2007 voluit
816 1978 952 2007 Mueller.
972 1978 1054 2007 Pros.
1079 1979 1182 2016 p.122
1207 1988 1250 2016 sq.

129 2039 175 2057 vv.
206 2029 351 2057 842-44
377 2030 450 2057 duos
479 2031 646 2058 octonarios
670 2031 862 2068 anapaesticos
886 2030 1010 2065 faciens3
1039 2030 1089 2058 sed
1114 2033 1147 2058 ut
1171 2031 1250 2067 apud

128 2080 266 2109 Plautum
289 2081 406 2109 causale
430 2088 520 2117 quom
543 2091 601 2110 non
625 2092 692 2110 raro
717 2092 781 2110 culn
804 2082 965 2110 indicativo
990 2083 1132 2118 iungitur,
1161 2092 1189 2110 v.
1213 2081 1250 2109 ad

127 2131 233 2170 Amph.
249 2132 319 2167 746,
343 2133 385 2160 ita
409 2133 498 2161 etiam
522 2135 733 2171 concessivum,
758 2133 794 2162 cf.
819 2133 909 2163 Stich.
926 2134 999 2162 127:
1028 2134 1127 2170 „Quae
1151 2138 1250 2162 tamen
