1596 2478
158 199 208 228 ΙΙΙ,
227 200 252 229 3,
273 199 338 224 1-8
633 198 811 224 Mostellaria.
1222 199 1276 229 131

291 342 461 374 TRANIO.
507 342 846 373 THEOPROPIDES.
895 340 1141 373 PHANISCUS.

533 401 690 432 ALTER
712 400 801 433 SFR
810 400 902 434 UOS.

643 495 792 527 Tranio

157 550 240 588 Quid
265 550 324 581 tibi
349 550 456 581 uisum
480 553 532 581 est
555 549 744 580 mercimoni
768 548 823 579 hoc
846 550 935 580 esse?

565 617 874 657 Theopropides

947 671 1048 702 Totus
1071 671 1208 712 gaudeo.

644 730 792 762 Tranio

157 785 243 816 Num
267 785 366 816 nimio
391 788 520 826 emptae
544 785 605 816 tibi
629 785 806 816 uidentur?

565 855 870 896 Theopropides

703 909 889 950 Numquam
913 909 1030 950 edepol
1053 921 1113 950 ego
1138 921 1188 942 me
1213 911 1280 942 scio

156 964 283 996 Uidisse
308 974 449 1004 usquam
475 963 622 994 abiectas
646 963 747 996 aedis.
771 964 832 994 nisi
858 963 953 995 modo
977 963 1087 995 hasce.

642 1034 792 1065 Tranio

976 1088 1103 1129 Ecquid
1127 1089 1282 1129 placent?

564 1142 873 1183 Theopropides

157 1196 283 1237 Ecquid
309 1197 468 1237 placeant,
493 1207 543 1227 me
567 1197 686 1237 rogas?
717 1196 819 1228 Immo
843 1196 952 1228 hercle
976 1207 1056 1228 uero
1080 1197 1282 1238 perplacent,

642 1264 795 1296 Tranio

158 1318 372 1356 Quoiusmodi
392 1320 611 1359 gynaeceum?
636 1319 715 1359 quid
740 1319 925 1359 porticum?

566 1387 870 1428 Theopropides

906 1441 1059 1472 Insanum
1084 1441 1212 1473 bonam.
1232 1451 1280 1476 891

157 1495 227 1526 Non
252 1495 403 1536 equidem
428 1495 528 1526 ullam
551 1496 584 1526 in
609 1495 742 1536 publico
762 1506 835 1527 esse
854 1496 1011 1526 maiorem
1030 1495 1091 1526 hac
1110 1496 1280 1527 existumo.

643 1563 791 1594 Tranio

158 1617 240 1655 Quin
265 1628 324 1657 ego
348 1618 418 1658 ipse
443 1621 476 1648 et
498 1617 706 1648 Philolaches
729 1618 760 1648 iu
787 1617 917 1657 publico
941 1618 1046 1649 omnis
1072 1618 1217 1658 porticus

158 1671 275 1703 Sumus
300 1672 478 1702 conmensi.

567 1731 874 1772 Theopropides

516 1785 601 1822 Quid
624 1786 749 1826 igitur?

645 1854 793 1886 Tranio

699 1908 808 1948 Longe
832 1908 975 1939 omnium
999 1908 1199 1948 longissuma
1222 1912 1280 1940 est.

227 2009 432 2036 PHANISCUS
452 2009 709 2035 THEUROPIDES
729 2009 756 2036 B
851 2010 901 2036 887
920 2010 973 2035 hoc
992 2019 1052 2036 esse
1072 2017 1123 2036 om.
1232 2011 1283 2036 888

158 2060 210 2085 ego
230 2060 279 2078 mn.
299 2052 326 2078 B
404 2053 475 2078 scito
555 2053 605 2078 889
625 2061 757 2086 umquam
842 2053 966 2079 ablectas
987 2053 1014 2085 O,
1034 2053 1157 2079 ablactas
1177 2052 1204 2079 B

158 2094 279 2128 hacquid
298 2094 333 2126 B,
352 2095 421 2120 haec
441 2094 508 2128 quid
523 2094 545 2120 C
596 2095 708 2127 placent
760 2097 806 2121 891
830 2095 1033 2121 Cuiusmodoc
1083 2097 1202 2121 892—93
1222 2105 1283 2121 esse

159 2138 320 2170 ...publico
341 2145 390 2163 om.
411 2137 434 2164 C'
500 2138 550 2163 894
569 2137 700 2164 Summus

1042 2191 1077 2218 9-1·

1592 809 1596 825 ἲ

1592 829 1596 836 «

1592 866 1596 897 ἲ

1586 929 1596 978 Γ

1581 1322 1596 1420 Tua-2}
1579 1074 1596 1314 azztssssm÷
1591 1050 1594 1055 .
1594 1031 1596 1034 .
