1561 2473
589 219 620 246 V.
639 221 783 247 346—395.
1189 223 1251 252 409

125 329 165 334 --
191 316 261 344 371.
286 312 343 344 tibi
365 313 442 351 (ἶιίὀ,
468 326 492 344 ν.
514 316 550 344 ud
569 316 674 345 Bacch.
689 317 760 345 996.
806 317 892 352 Quod
917 317 946 345 in
970 317 1056 346 codd.
1078 316 1200 346 additur
1221 325 1247 352 s,

126 376 161 394 ex
184 369 257 395 notu
279 366 384 402 Erotii,
409 367 536 395 fortasse
560 372 590 402 Γ,
615 368 687 396 oriri
711 369 874 405 potuit.—
894 369 963 396 372.
990 368 1060 397 Post
1084 368 1117 397 tu
1140 367 1247 396 hiatus.

126 417 162 446 cf.
189 418 259 446 296.
283 433 320 436 —
348 418 418 446 373.
444 417 543 446 Finita
567 419 702 447 oratione
726 419 839 454 hiutur3
864 419 1027 448 Muellerus
1055 419 1147 457 „quin
1170 418 1244 447 huc“

126 468 214 497 scribi
237 469 346 503 voluit;
370 468 530 497 Fleckeis.:
564 469 670 504 „MES
696 469 729 497 In
754 470 919 507 Epidamno
945 468 1085 499 antem?“
1113 484 1152 489 --
1178 470 1250 498 374.

125 515 254 548 delicias
276 516 372 555 facis,
397 519 488 555 ludis,
514 530 539 548 v.
564 520 601 548 ad
626 520 714 549 Most.
740 522 810 549 929.
857 521 928 549 Post
951 521 1012 549 haec
1037 522 1249 559 interpungen-

125 570 210 605 dum3
245 580 312 598 nam
337 570 398 599 haec
420 570 601 599 Messenioni
626 571 713 606 dicit,
750 572 863 609 reliqua
886 571 1080 601 Menaechmo.
1105 586 1145 591 —-
1178 571 1249 600 375.

124 618 248 657 rectius,
281 622 396 650 melius.
431 636 471 641 -—
509 623 578 650 376.
619 619 758 658 Oboluit,
789 624 824 651 cf.
850 623 887 651 ad
910 623 1016 660 Amph.
1043 624 1113 652 317.
1160 620 1249 651 Mar-

123 670 273 709 suppium
296 682 382 701 servo
401 683 505 711 parum
525 673 674 702 confidens
692 674 780 702 herus
798 674 854 702 sibi
873 674 952 703 tradi
973 675 1109 710 iusserat,
1135 684 1161 702 v.
1178 674 1248 702 263.

123 723 185 751 Iam
209 723 317 759 reddit,
342 734 460 753 causam
485 734 555 752 vere
579 725 718 753 comicum
743 724 884 760 afferens,
914 735 950 753 ne
974 725 1048 754 odor
1071 726 1133 754 eius
1156 735 1250 753 mere-

123 775 227 802 tricem
251 775 373 804 alliciat.
387 791 428 795 —
443 777 513 804 377.
538 776 571 804 In
590 776 645 804 hoc
657 779 686 804 et
699 777 835 813 proximo
849 786 936 805 versu
950 785 1143 814 personarum
1163 779 1250 804 notus

123 825 146 853 Β
167 835 221 855 suo
241 826 306 855 loco
320 827 442 856 omissas
460 831 512 856 aut
531 831 599 856 ante
618 836 736 855 versum
761 830 813 855 aut
836 837 930 865 prope
953 827 1131 864 principium
1155 827 1248 864 ponit.

125 891 161 896 —
179 878 248 906 380.
271 878 481 907 Iuvitutionem
495 879 618 907 comiter
630 879 736 907 reiicit.
772 875 860 907 Bene
871 885 973 913 uocas,
987 889 1013 907 v.
1026 878 1063 906 ad
1076 878 1161 906 Curc.
1177 879 1247 906 553.

124 925 201 956 Tam
223 927 328 965 qratia
353 929 406 964 est,
431 940 457 958 v.
482 930 589 958 Pseud.
609 930 679 958 716.
727 929 818 958 Stich.
831 930 903 957 474.
950 929 1088 967 Plerique
1110 927 1245 965 ‚,tnn1en“

121 979 300 1017 intelligunt,
325 990 351 1009 v.
377 980 414 1009 ad
437 981 542 1010 Bacch.
571 982 669 1016 1196;
704 990 758 1018 ego
782 981 818 1009 iis
841 980 966 1016 accedo,
996 981 1047 1018 qui
1070 981 1248 1018 particulam

120 1032 352 1067 comparativam
376 1034 547 1069 agnoscunt,
573 1035 607 1060 ut
630 1031 702 1060 Hor.
722 1031 818 1069 Epist.
843 1031 866 1066 I,
892 1032 919 1067 7,
946 1032 1000 1060 18:
1029 1031 1118 1066 „Tam
1143 1035 1248 1060 teneor

121 1080 210 1117 dono,
235 1091 322 1119 quam
347 1083 371 1111 si
395 1083 531 1111 dimittar
553 1082 707 1112 onustus“.
727 1097 767 1102 --
793 1083 862 1111 382.
887 1079 981 1120 Eyon
1004 1082 1092 1111 Both.
1117 1083 1246 1120 scripsit.

120 1132 167 1160 Ad
191 1132 305 1162 hiatum
334 1137 402 1171 post
432 1131 489 1162 tibi
518 1134 553 1163 cf.
578 1134 697 1170 Proleg.
721 1144 750 1171 p.
776 1134 847 1161 224.
905 1133 938 1162 R.
966 1132 1037 1169 „tu“
1065 1133 1158 1161 addit.
1216 1133 1247 1162 Si

120 1183 192 1220 quid
223 1184 413 1220 mutandum,
449 1186 632 1223 scripserim:
676 1184 798 1222 „Egone
833 1188 862 1212 te
891 1184 963 1213 mihi
991 1185 1063 1213 iussi
1094 1183 1245 1222 coquere?

120 1234 182 1263 ER.
207 1234 305 1271 Certo,
330 1239 359 1264 et
381 1237 514 1274 parasito
538 1234 622 1265 tuo“.
646 1250 688 1254 —
712 1236 782 1264 383.
812 1232 930 1264 malum
952 1235 1022 1264 olim
1045 1236 1244 1271 emendatum,

120 1286 154 1314 cf.
180 1286 258 1315 infra
282 1287 352 1315 781.
395 1287 461 1316 Cas.
487 1288 536 1316 91.
577 1287 632 1325 Ep.
658 1288 728 1316 708.
770 1286 894 1315 Lorenz.
919 1284 1031 1316 Most.²
1054 1297 1082 1324 p.
1110 1288 1179 1315 203.
1205 1302 1245 1306 —

121 1337 191 1366 384.
217 1334 332 1366 baxeae
362 1340 498 1367 restituit
522 1338 687 1367 scutarius.
733 1337 904 1366 Calceorum
928 1348 1021 1375 genus
1044 1341 1088 1366 est
1112 1338 1246 1367 delicatis

119 1389 288 1418 hominibus
306 1390 459 1425 usitatum,
483 1390 602 1427 Apuleii
622 1389 741 1426 quidem
760 1391 894 1427 tempore
913 1389 1106 1427 philosophis,
1130 1399 1155 1416 v.
1173 1389 1245 1418 Met.

118 1439 155 1476 11,
182 1440 231 1468 28.
273 1440 330 1478 xj,
356 1441 384 1475 8,
430 1440 543 1470 Florid.
568 1440 590 1476 Ι,
621 1441 648 1469 9.
697 1440 788 1468 Plura
817 1440 1005 1477 Marquardt.
1051 1439 1246 1468 Privatalter-

118 1491 236 1520 thiimer
259 1491 287 1520 II
310 1502 340 1530 p.
368 1493 437 1521 194.
462 1507 504 1510 —
528 1492 598 1520 388.
629 1488 726 1526 Certe,
753 1490 811 1520 vid.
836 1501 927 1529 supra
952 1492 1021 1520 280.
1057 1490 1091 1519 R.
1108 1489 1245 1525 „Cert0“.

118 1542 242 1571 Versum
261 1543 398 1572 laudasse
416 1543 536 1572 videtur
549 1543 654 1571 Festus
667 1552 696 1580 p.
711 1543 789 1577 2733
814 1543 865 1571 sed
884 1543 945 1571 fere
964 1543 1064 1570 omnia
1082 1542 1245 1580 perierunt.

119 1593 191 1622 Post
224 1592 291 1623 ritu
324 1594 424 1623 hiatus
458 1598 519 1630 est;
566 1594 600 1623 R.
630 1597 759 1632 transp.:
809 1595 978 1629 „canterino
1012 1594 1074 1622 ritu
1108 1591 1244 1622 mulier“.

118 1644 271 1674 Somniare
291 1646 460 1682 vigilantem
481 1646 561 1681 dicit,
586 1648 620 1674 ut
634 1645 719 1683 Capt.
734 1645 805 1682 842,
829 1656 862 1674 uc
882 1655 918 1673 ne
937 1644 1095 1673 cubantem
1115 1644 1244 1682 quidem,

117 1696 170 1724 scd
198 1698 341 1732 stantem,
377 1707 468 1734 quare
499 1707 564 1726 eum
595 1694 755 1726 canterino
784 1694 850 1724 ritu
879 1696 1024 1724 somniare
1054 1695 1140 1730 dicit,
1176 1696 1194 1724 i.
1220 1705 1244 1724 e.

118 1757 261 1785 equorum
280 1757 371 1784 more,
397 1749 448 1785 qui
467 1748 529 1776 fere
548 1750 663 1776 stantes
683 1747 844 1776 dormiunt.
859 1762 901 1766 —
915 1748 985 1776 390.
1011 1743 1094 1784 quod
1108 1742 1244 1782 fecerim,

117 1809 144 1828 v.
169 1798 206 1827 ad
229 1799 338 1837 Amph.
367 1800 433 1828 154.
458 1814 498 1818 ——
523 1800 594 1828 393.
612 1796 782 1836 penetrum*
798 1795 920 1834 pedem,
944 1809 972 1827 v.
992 1797 1029 1826 ad
1046 1797 1153 1835 Amph.
1175 1798 1245 1826 246.

116 1864 158 1870 —-
183 1850 252 1879 394.
283 1846 342 1878 huc
364 1857 508 1887 eyressus
537 1858 626 1886 sum,·
658 1849 685 1878 te
708 1847 841 1879 commui
866 1849 970 1884 codd.;
1005 1848 1136 1877 Ritsch.:
1170 1849 1246 1883 „huc

116 1911 180 1930 sum
199 1911 335 1939 egressus
355 1905 384 1930 et
402 1905 431 1930 te
450 1900 607 1930 conueni“.
654 1901 761 1939 Wagn.
779 1901 843 1936 „hic
857 1904 886 1929 te
899 1898 1054 1929 conueni“.
1068 1896 1244 1933 —Eccere.

116 1964 144 1981 v.
170 1952 207 1980 ad
226 1952 332 1990 Amph.
350 1954 419 1989 550,
444 1953 496 1982 ubi
520 1962 621 1981 errore
645 1952 828 1990 typographi
854 1948 1053 1989 „quaerentis“
1079 1960 1134 1988 pro
1156 1961 1244 1988 „que-

116 2003 227 2033 rentis⁴⁴
254 2013 425 2041 expressum
451 2007 505 2033 est.
529 2019 572 2022 —
595 2004 666 2032 395.
693 2000 793 2040 Quam
817 2003 850 2032 tu
873 1999 952 2031 milei
975 2008 1086 2030 nauem
1108 2002 1244 2031 narras?

116 2055 152 2084 cf.
177 2055 262 2084 Cure.
289 2056 359 2084 613.
406 2055 525 2084 Trucul.
552 2055 627 2083 280:
665 2055 762 2090 „Quas
793 2058 826 2082 tu
854 2054 993 2082 mulieres
1016 2052 1088 2081 mihi
1110 2054 1236 2082 narras?

115 2106 167 2135 ubi
191 2116 291 2135 musca
314 2106 394 2135 nulla
416 2106 527 2135 femina
550 2108 596 2134 est
618 2106 649 2134 in
672 2100 825 2134 aedibus“.
871 2105 930 2133 Cic.
945 2104 1029 2133 Verr.
1042 2104 1094 2141 IV,
1117 2105 1165 2139 39,
1188 2097 1244 2133 85³

119 2167 226 2195 „quum
249 2157 320 2185 mihi
343 2157 518 2194 religionem
541 2155 687 2185 narras‘?“
737 2156 872 2184 Erotium
895 2156 1017 2194 quaerit,
1048 2155 1132 2193 quasi
1156 2155 1243 2184 nulla
