1596 2478
619 154 790 181 Menaechmi.
1204 156 1264 186 3255

141 250 201 278 580
231 250 387 287 scripturae
417 250 479 277 eins
509 250 680 279 afferuntur.
732 251 872 280 Codicum
902 251 1203 280 Palatino-Vaticani
1234 255 1264 279 ct

141 300 400 337 Heidelborgensis
424 302 589 338 scripturus
613 312 647 330 ex
671 301 827 330 Ritschelii
851 303 981 331 editione
1005 302 1170 331 attulimus.

227 352 258 379 lu
284 361 475 388 personui-uni
501 352 669 381 nominibus
693 363 842 390 perpauca
865 353 1138 382 animadvertenda.
1184 350 1264 381 Ero-

141 401 218 431 tium
242 403 405 430 meretricis
431 413 534 430 nomen
564 407 609 431 est
637 405 726 432 etiam
750 404 829 441 apud
853 404 1020 441 Turpilium
1044 414 1071 432 v.
1099 404 1157 432 187
1182 407 1211 432 et
1235 405 1263 432 in

141 455 238 483 titulis
264 454 385 482 Latinis.
437 454 590 482 Parasitus
620 455 699 492 quod
729 452 896 483 Peniculus
919 455 1102 493 appellatur,
1128 457 1191 492 ipse
1214 466 1264 484 no—

142 508 229 534 minis
254 507 396 533 rationem
421 505 507 533 affert
531 515 556 532 v.
583 507 620 533 77
646 517 705 543 sq.;
730 516 843 543 coquus
869 510 966 534 antem
991 506 1069 544 quod
1098 503 1266 544 Cylindrus

141 560 272 591 vocatur,
296 567 311 584 a
331 557 475 592 cylindro,
500 566 558 594 quo
578 558 606 584 in
626 561 699 585 rotae
718 557 835 585 modum
854 558 990 586 volutato
1009 559 1094 595 coqui
1114 557 1264 586 interdum

140 611 273 643 utuntur,
294 611 418 636 tractum
438 608 566 636 videtur.
608 605 822 636 Messeniom's
841 610 950 637 nomini
969 610 997 636 in
1016 609 1112 637 titulis
1133 609 1266 638 versibus

143 660 203 688 224
235 663 265 688 et
301 660 360 688 346
392 659 569 696 antepositis
604 659 770 687 rubricator
807 658 932 694 „senex“
970 659 1102 694 addidit3
1143 659 1266 688 Plautus

141 721 238 739 senem
263 720 326 738 esse
349 721 407 739 non
431 710 534 745 voluit,
561 720 626 738 naui
651 720 678 738 v.
707 711 787 738 1002
811 710 984 739 adulescens
1009 714 1141 739 vocatur.

573 856 831 889 Argumentum

143 924 327 954 acrostichon
357 924 408 961 qui
438 925 619 961 composuit,
657 925 846 961 antiquitatis
876 923 1048 952 affectandae
1077 935 1166 953 causa
1196 922 1267 953 Me-

141 973 301 1005 naechmei
319 975 433 1010 scribit,
452 975 535 1003 cuius
554 976 708 1012 scripturae
727 977 816 1003 etiam
836 976 896 1003 alia
914 976 1039 1013 vestigia
1057 976 1087 1003 in
1099 975 1154 1004 hac
1166 976 1267 1004 fabula

143 1032 174 1057 et
196 1030 227 1056 iu
250 1028 275 1055 A
299 1029 328 1055 et
351 1027 380 1054 in
404 1025 427 1054 B
451 1026 628 1054 Ritschelius
652 1027 861 1054 animadvertit
884 1027 966 1064 praef.
990 1037 1018 1064 p.
1040 1026 1090 1055 IX.
1110 1041 1150 1045 —
1171 1028 1198 1055 2.
1223 1024 1269 1055 Ei

142 1079 319 1116 bisyllabum
343 1080 397 1105 est.
444 1076 625 1105 Auacoluthi
648 1081 746 1106 autem
768 1087 860 1114 genus
884 1081 930 1106 est
949 1077 1056 1105 Plauto
1079 1078 1267 1113 inusitatum,

142 1141 209 1159 nam
243 1130 267 1158 si
303 1138 407 1157 nomen
441 1131 626 1166 praemissum
661 1138 726 1157 cum
754 1129 918 1165 praedicato
948 1137 1005 1156 non
1040 1131 1193 1164 congruit,
1230 1130 1267 1157 ad

142 1183 310 1220 proximum
341 1180 497 1208 relativum
529 1180 746 1208 accommodari
769 1180 861 1214 solet,
893 1180 972 1217 quod
997 1179 1044 1208 hic
1066 1190 1126 1208 non
1149 1179 1193 1208 fit.
1232 1195 1268 1200 —

143 1232 298 1269 surrupto,
322 1233 341 1259 i.
366 1241 391 1259 e.
416 1231 573 1269 subrepto,
604 1231 632 1259 h.
657 1231 675 1259 l.
701 1235 729 1259 et
751 1231 812 1259 fere
835 1240 888 1268 per
911 1234 1004 1259 totum
1027 1231 1157 1259 fabulam
1182 1231 1268 1259 codd.

143 1284 216 1312 Tum
241 1284 340 1311 hiatur
363 1283 392 1310 in
415 1292 534 1311 caesura.
583 1282 696 1310 Ritsch.
721 1282 856 1316 „illorum
881 1280 993 1310 altero“
1014 1283 1142 1319 scripsit,
1167 1283 1270 1311 Muell.

147 1336 259 1370 „altero
279 1333 381 1362 ilico'‘.
395 1348 431 1352 -
449 1335 476 1362 3.
501 1331 679 1370 surrepticii
699 1333 896 1369 Camerarius,
919 1333 956 1361 cf.
981 1343 1006 1361 v.
1027 1335 1043 1361 7
1069 1338 1099 1361 et
1118 1333 1198 1362 Prol.
1221 1335 1270 1368 68,

143 1386 228 1424 prob.
254 1386 354 1414 Muell.
385 1395 413 1422 p.
444 1386 515 1413 490.
573 1385 643 1413 Post
675 1381 725 1413 illi
759 1384 857 1412 hiatus
891 1394 996 1422 parum
1031 1384 1206 1412 excusabilis
1241 1385 1271 1412 in

144 1447 256 1466 caesuru
279 1436 534 1474 hephthemimeri.
581 1436 677 1464 Cam-z
705 1436 801 1471 „indit
823 1433 899 1464 illi“.
944 1435 1025 1463 Brix.
1047 1435 1180 1471 „Nomen
1203 1446 1268 1464 sur-

143 1490 225 1526 rupti
249 1487 325 1516 indit
348 1485 410 1515 illi“
437 1497 502 1515 cum
527 1487 612 1515 hiatu
635 1487 665 1515 in
689 1497 815 1522 caesura;
840 1487 873 1515 R.
891 1485 968 1522 ,‚ibi“
984 1486 1051 1514 add.
1097 1486 1153 1515 Est
1172 1490 1270 1515 autem

144 1540 192 1568 hic
215 1549 317 1567 versus
341 1548 377 1567 ex
400 1541 440 1568 42
464 1540 568 1568 factus.
595 1552 632 1557 -
657 1538 686 1566 4.
719 1534 959 1567 Menaechmum
981 1545 996 1566 e
1021 1534 1139 1566 Sosicle
1163 1538 1207 1573 R„
1232 1539 1268 1566 cf.

148 1592 292 1620 1103.—
311 1592 338 1619 6.
357 1589 446 1627 post3
472 1591 560 1618 immo
585 1592 742 1626 postremo,
767 1589 898 1618 taudem.
913 1604 953 1608 -
972 1590 1000 1617 7.
1025 1585 1118 1618 alitus
1141 1589 1270 1625 Pylades

145 1653 216 1678 em.;
255 1642 337 1676 „Huc
361 1664 367 1670 .
393 1665 398 1670 .
424 1663 430 1669 .
455 1641 577 1669 ductus*
610 1641 768 1670 Menrsius.
801 1655 839 1659 >——
871 1642 898 1669 8.
930 1640 1003 1668 Post
1032 1637 1272 1669 Menaechmum

144 1695 257 1728 hiatus;
292 1693 359 1721 edd.
384 1696 451 1730 post
474 1692 616 1730 Pyladem
641 1693 746 1728 vulgo:
781 1692 895 1727 „ciuem
926 1691 1050 1719 credunt
1073 1690 1202 1720 omnes.“
1230 1706 1270 1710 ——

146 1746 174 1773 9.
206 1744 358 1772 Advenam
383 1753 436 1781 pro
461 1745 523 1771 cive
547 1743 674 1778 habeut,
709 1753 835 1780 eumque
859 1739 1019 1779 appellant
1040 1743 1173 1779 nomine,
1208 1743 1270 1770 Me·

145 1796 306 1824 uaechmuin
341 1795 468 1829 scilicet,
504 1794 584 1831 qnod
619 1804 655 1822 ex
689 1794 934 1822 antecedentibus
969 1793 1072 1822 audiat
1105 1795 1156 1831 qui
1185 1795 1269 1823 velit.

146 1848 264 1876 Brixius
299 1846 388 1875 verbo
419 1845 597 1883 obiurgandi
632 1846 689 1873 vim
720 1845 829 1873 tribuit
858 1848 892 1873 ut
914 1845 973 1873 Cic.
998 1844 1053 1873 Off.
1076 1845 1104 1881 I,
1136 1846 1190 1880 25,
1216 1846 1270 1874 89:

148 1898 336 1934 „Cavendum
360 1902 412 1932 est,
436 1907 473 1925 ne
497 1896 602 1925 iisdem
626 1896 662 1924 de
686 1898 782 1924 causis
806 1897 857 1924 alii
881 1897 1059 1934 plectantur,
1084 1897 1135 1924 alii
1161 1907 1197 1924 ne
1221 1907 1271 1934 ap-

145 1950 294 1988 pellentur
328 1947 479 1986 quidem“.
537 1947 595 1976 Sed
626 1958 642 1975 a
677 1949 735 1976 leni
771 1948 970 1985 appellatione
1005 1947 1128 1975 multum
1164 1947 1271 1976 absunt

145 2002 278 2030 convicia
309 2005 338 2028 et
367 2000 498 2034 vincula,
536 2000 646 2036 quibus
677 2002 819 2026 oneratur
843 1999 1042 2027 Menaechmus
1072 2009 1127 2036 pro
1152 1999 1217 2027 fure
1242 2005 1272 2026 et

146 2053 250 2081 insano
274 2052 402 2080 habitus.
429 2065 464 2069 —
495 2051 540 2078 10.
567 2047 598 2078 Ii
620 2059 674 2087 pro
697 2060 756 2078 una
778 2050 894 2086 syllaba
917 2053 970 2078 est.
1011 2048 1091 2085 „lbi“
1114 2050 1212 2081 Both„
1237 2050 1270 2078 R.

1034 2150 1067 2174 25
