1596 2478
313 177 353 206 54
828 172 919 198 Plauti
1239 171 1271 202 v,
1294 173 1314 204 1,
1333 171 1435 197 27—36

784 266 958 298 Danista

1109 319 1250 360 Mature.

731 378 1020 418 Stratippocles

1257 431 1351 463 Domi
1375 434 1433 463 est.

776 491 972 531 Epidicus

315 544 405 576 Satin
431 555 489 584 ego
514 544 618 576 oculis
641 544 737 576 utor?
761 545 863 576 aciem
888 545 1021 585 optineo
1045 545 1172 576 sincere
1196 554 1236 575 au
1261 545 1397 585 parum?

316 597 443 630 Uideon
469 609 528 638 ego
551 598 749 629 Telestidem
774 602 815 636 te,
842 598 1036 638 Periphanai
1060 597 1172 630 filiam.

315 652 342 683 E
366 651 518 693 Philippa
542 655 645 684 matre
669 655 780 683 natam
804 651 935 690 Thebis,
959 651 1116 692 Epidauri
1140 651 1270 683 satam?

813 727 936 768 Uirgo

321 781 399 819 Quis
423 785 457 813 tu
480 781 576 813 homo
601 791 645 819 es,
670 781 726 821 qui
748 792 855 813 meum
879 785 1053 822 parentum
1077 791 1194 813 nomen
1218 791 1379 813 memoras
1404 785 1436 813 et

1031 835 1160 866 meum?
1386 843 1436 870 635

773 902 970 943 Epidicus

314 956 385 988 Non
410 967 459 988 me
484 957 627 989 nouisti‘?

813 1015 936 1056 Uirgo

607 1069 703 1108 Quod
726 1069 858 1111 quidem
881 1079 968 1101 nunc
992 1070 1103 1101 ueniat
1126 1070 1159 1100 in
1184 1073 1322 1101 mentem
1347 1069 1434 1101 mihi.

777 1146 803 1177 E
840 1146 974 1177 idious

315 1200 388 1232 Non
412 1189 597 1237 meministi,
622 1210 672 1232 me
697 1157 832 1232 aureanli
853 1199 894 1231 ad
918 1204 951 1231 te
974 1198 1102 1231 adferre
1125 1199 1228 1230 natali
1252 1199 1303 1231 die

316 1254 477 1286 Lunulam
503 1257 603 1294 atque
627 1253 770 1285 anellum
794 1253 961 1285 aureolum
985 1253 1017 1284 in
1042 1253 1238 1293 digitulum?

814 1329 932 1370 Uirgo

1095 1382 1238 1419 Memini,
1262 1383 1306 1414 mi
1330 1382 1435 1414 homo.

314 1438 406 1470 Tune
430 1439 458 1469 is
482 1438 537 1469 es?

776 1495 975 1536 Epidicus

589 1550 665 1590 Ego,
690 1553 722 1581 et
746 1550 822 1581 istic
845 1550 956 1585 frater,
981 1550 1035 1590 qui
1059 1553 1092 1581 te
1117 1551 1304 1587 mercatust,
1327 1552 1414 1582 tuus.

315 1628 610 1636 ..........
635 1603 700 1634 alia
726 1607 840 1641 matre,
864 1614 928 1634 uno
951 1607 1055 1644 patre.
1386 1611 1438 1637 [340

812 1679 938 1719 Uirgo

319 1734 405 1772 Quid
430 1738 523 1775 pater
546 1734 658 1765 meus?
682 1734 813 1766 uiuost?

779 1809 974 1851 Epidicus

715 1865 830 1896 Animo
854 1863 978 1904 liquido
1003 1868 1033 1895 et
1059 1862 1238 1904 tranquillo
1263 1873 1312 1901 es;
1336 1862 1436 1895 ualet.

383 1973 430 2000 631
453 1973 502 2000 ST.
522 1982 572 2000 om.
633 1974 683 2000 632
702 1974 850 1999 utilitatem
870 1973 985 2006 optineo
1044 1974 1094 2000 638
1108 1972 1237 2006 proximu>
1251 1972 1394 2006 postponit
1411 1971 1438 1998 B

386 2015 502 2049 tephere
522 2016 588 2050 pani
608 2015 634 2042 Β
721 2017 771 2042 634
790 2018 882 2041 natam
904 2015 1026 2041 asthebis
1113 2016 1164 2041 636
1182 2015 1299 2042 nouistis
1318 2013 1394 2048 quod
1412 2013 1440 2041 B

313 2059 364 2084 637
382 2059 509 2091 proximo
523 2059 666 2091 postponit
683 2058 710 2084 Β
771 2059 821 2084 638
839 2058 962 2084 iunulam
982 2057 1009 2083 B
1070 2058 1208 2084 aureolam
1227 2059 1255 2083 A
1320 2057 1438 2090 digitum

315 2101 366 2126 639
387 2108 426 2133 sq.
447 2100 508 2133 Ego
529 2109 588 2126 num
609 2104 636 2126 et
655 2101 718 2127 istic
737 2100 823 2126 frater
843 2104 906 2126 tuus
927 2104 968 2126 est
987 2101 1015 2126 iu
1035 2100 1087 2126 alia
1106 2099 1132 2126 B
1200 2101 1248 2125 641
1269 2103 1332 2126 tace
