1596 2478
323 170 384 199 274
815 165 956 199 Epidicus.

321 263 391 292 Mox
414 262 654 300 interpolationis
677 261 818 290 indicium
842 262 1039 296 manifestum,
1063 261 1164 290 endem
1188 261 1279 290 verba
1305 261 1442 299 repetita,

322 324 356 342 ne
385 315 554 351 superiores
583 313 702 350 quidem
731 313 834 349 lntuit;
869 313 920 342 sed
954 317 988 342 ut
1020 314 1104 350 prior
1138 322 1238 341 versun
1273 313 1445 348 retinentur,

319 366 468 403 posterior
491 364 643 397 delentur,
678 363 743 392 flori
768 374 825 393 non
849 367 961 402 potest,
996 364 1134 401 quoniam
1167 373 1237 399 „cor
1259 362 1442 402 sapientine“

321 416 394 444 nihil
407 419 468 451 est3
492 416 594 452 itaque
606 414 790 452 Geppertum
808 417 903 444 secuti
922 424 1023 443 sumus
1040 418 1155 452 purtem
1174 415 1329 451 utriusque
1342 423 1446 443 versun

321 467 485 495 tollentem.
510 481 551 485 —
575 466 646 494 388.
677 462 734 495 Uel
755 466 922 504 exemplum
945 467 1095 503 proponit,
1119 475 1146 494 v.
1171 465 1207 493 ad
1231 465 1348 494 Curcul.
1373 466 1444 494 611.

320 517 459 545 Proxima
482 519 626 554 corrupta
648 519 726 552 sunt,
751 517 802 545 sed
826 527 930 545 sensus
953 520 1087 555 apparet.
1135 514 1256 553 „quasi“
1281 516 1445 544 necessario

321 567 494 602 delendum,
531 577 584 596 nec
610 567 766 604 „egomet“
797 569 894 606 primo
926 568 988 595 loco
1012 568 1081 596 ferri
1106 569 1222 605 potest,
1258 576 1284 595 v.
1310 567 1444 595 Mueller.

320 619 444 647 Prosod.
468 630 497 658 p.
522 619 593 647 487.
639 616 758 647 dudum
781 618 907 647 Guietus
931 629 997 654 em.‚
1023 620 1040 647 i.
1067 628 1091 646 e.
1117 627 1219 656 nuper,
1244 628 1271 646 v.
1289 618 1325 646 nd
1339 617 1444 655 Amph.

321 671 391 698 654.
438 669 578 698 Proximo
601 680 687 699 versu
711 667 845 706 qumet
866 669 999 698 Mueller.
1053 670 1095 698 De
1119 670 1248 707 repetito
1271 671 1445 707 pronomine

320 720 379 749 vid.
415 721 451 749 ad
486 721 593 759 Amph.
630 722 700 750 532.
768 721 870 749 Goetz.
907 721 1015 759 partim
1050 720 1271 748 Fuhrmannum
1309 724 1444 749 secutus:

324 771 434 805 „Uelut
461 774 578 809 egomet
607 772 718 800 dudum
747 772 789 800 fili
818 781 906 800 causa
935 781 1087 809 coeperam
1120 771 1218 800 Animi
1248 771 1313 799 med
1343 781 1445 800 excru-

320 821 431 851 ciare“.
463 837 503 843 —
539 823 608 851 390.
645 820 739 851 Meus
762 826 831 852 cett.
856 823 940 851 codd.
970 837 1012 841 —
1040 830 1088 851 me
1111 830 1182 859 crya
1204 823 1317 851 Camer.
1374 820 1446 859 plu-

318 871 402 902 rima
424 874 503 903 Pius.
533 889 574 893 —
607 875 676 903 393.
709 874 792 902 Hunc
821 884 937 902 versum
969 874 1024 902 hoc
1053 873 1171 911 quidem
1201 874 1267 902 loeo
1299 884 1316 902 n
1339 873 1446 902 Plauto

319 934 378 953 non
402 934 465 953 esse
488 925 632 962 scriptum
664 925 750 953 facile
779 928 912 963 apparet.
963 925 1021 953 Alii
1046 928 1114 962 post
1137 934 1162 953 v.
1189 925 1247 953 385
1272 927 1444 963 posuerunt,

319 975 460 1004 Goetzius
490 985 555 1004 cum
587 976 688 1005 Brixio
718 980 786 1014 post
817 977 887 1005 387.
945 976 1018 1004 Mihi
1053 976 1172 1013 spurius
1205 975 1379 1011 videbatur,
1415 979 1446 1004 et

319 1026 404 1054 abest
426 1026 463 1054 ab
487 1028 521 1062 A,
546 1037 572 1056 v.
598 1027 706 1056 Luchs.
730 1027 893 1056 comment.
918 1027 1014 1056 Plaut.
1039 1027 1066 1055 11
1090 1037 1118 1065 p.
1143 1028 1171 1056 9.
1196 1041 1237 1046 -—
1266 1027 1336 1055 394.
1369 1026 1444 1062 „Sed

319 1077 376 1106 huc
399 1076 500 1107 meus“
526 1078 628 1107 Goetz.

406 1129 476 1158 396.
504 1126 589 1166 Quid
608 1126 671 1166 fit?
703 1130 748 1158 ed.
773 1139 828 1167 pn,
861 1130 879 1157 i.
895 1140 929 1158 e.
954 1130 1026 1167 quid
1050 1129 1194 1158 effecisti?
1223 1139 1250 1157 V.
1275 1129 1314 1157 ad
1337 1128 1441 1157 Bacch.

320 1181 391 1216 624,
423 1181 473 1209 ubi
504 1181 549 1209 hic
577 1191 681 1210 versus
704 1191 763 1210 non
787 1191 840 1209 suo
864 1181 928 1209 loco
951 1182 1067 1218 positus
1090 1183 1144 1208 est.
1202 1180 1271 1208 Mox
1295 1179 1386 1208 verba
1409 1190 1444 1208 ex

319 1232 454 1268 proximo
479 1241 565 1260 versu
590 1233 663 1260 male
687 1236 836 1270 praeceptn
859 1232 971 1260 delevit
994 1231 1167 1260 Gulielmus.
1192 1246 1232 1250 —
1262 1232 1332 1259 39¹7.
1361 1229 1445 1268 Quin

319 1280 432 1318 omini3
456 1283 573 1311 litteras
597 1286 676 1312 recte
701 1284 803 1312 divisit
823 1283 976 1311 Gruterus.
1021 1283 1121 1320 Atqui,
1147 1283 1252 1319 inquit,
1277 1293 1334 1311 non
1359 1292 1444 1311 omen

319 1334 414 1362 solum
439 1334 635 1368 laudandum.
666 1335 716 1362 sed
747 1342 832 1363 omen
862 1336 1028 1372 sequuntur
1056 1334 1155 1361 omnin
1177 1343 1328 1371 prospera.
1373 1333 1444 1362 Cor—

319 1387 428 1413 rectori
452 1385 562 1413 codicis
584 1385 608 1413 B
631 1386 764 1419 debetur,
795 1385 875 1423 quod
900 1384 1026 1412 Weisius
1049 1387 1080 1412 et
1103 1385 1182 1413 Brix.
1207 1385 1335 1422 amplexi
1358 1387 1442 1413 sunt:

323 1435 415 1470 „Quoi
441 1434 580 1464 liomini“.
606 1451 646 1456 -—
672 1437 740 1465 398.
765 1435 798 1465 tu
821 1433 900 1465 hanc
923 1446 987 1464 cum
1013 1436 1104 1471 hiatu,
1129 1445 1156 1464 v.
1181 1435 1298 1473 Proleg.
1322 1446 1350 1473 p.
1371 1436 1441 1464 219.

319 1487 410 1522 Brix.,
425 1487 543 1515 Goetz.:
571 1490 622 1521 „tu
636 1486 761 1516 istanc“.
776 1503 816 1507 —
830 1484 899 1515 iube
910 1486 958 1515 sis
970 1487 1115 1515 Gruterus
1129 1496 1200 1521 em.;
1225 1486 1275 1514 alii
1291 1486 1443 1522 „iubeae“.

319 1538 475 1566 Editorum
494 1539 643 1576 plerique:
672 1540 769 1574 „intro
788 1537 909 1567 iubens“
931 1538 977 1566 vel
1001 1538 1186 1572 „intro'iube
1198 1536 1270 1572 sis“‚
1295 1547 1331 1566 ne
1343 1537 1443 1566 hiat-us

318 1591 367 1618 nit.
402 1604 442 1609 —
478 1590 548 1618 399.
584 1586 679 1617 Ezite
707 1586 766 1618 hue
796 1587 928 1626 aliquis,
963 1589 998 1616 cf.
1030 1589 1107 1617 Men.
1139 1590 1208 1617 [362.
1251 1589 1341 1617 Marc.
1366 1589 1440 1617 898:

321 1640 446 1678 „aliquis
459 1640 515 1668 hue
528 1641 607 1668 soi-ns
620 1639 730 1669 exite“.
767 1640 872 1669 Pseud.
890 1641 984 1675 1287;
1012 1639 1143 1674 „Simoni
1162 1649 1207 1668 me.
1220 1640 1321 1668 adesse
1334 1640 1442 1676 aliquis

318 1691 484 1719 nuntiate&
536 1691 627 1720 Stich.
654 1693 707 1720 70:
745 1692 833 1727 „inde
857 1694 993 1720 uocatote
1017 1690 1140 1728 aliqui“.
1191 1691 1258 1719 Ter.
1283 1691 1339 1719 Ad.
1364 1691 1440 1719 634:

321 1743 454 1780 „aperite
478 1742 616 1780 eliquis“.
661 1742 705 1771 Cf.
729 1743 766 1770 nd
790 1742 897 1779 Amph.
922 1743 1010 1770 1087.
1030 1756 1071 1761 -—
1095 1743 1165 1770 402.
1191 1739 1340 1777 aedicula,
1364 1742 1441 1770 eubi-

317 1793 424 1821 culum.
446 1808 484 1812 --
504 1791 607 1822 istanc
629 1794 658 1822 in
682 1793 704 1821 B
728 1794 924 1822 emendatum.
946 1807 981 1812 —
1003 1789 1145 1821 concludi
1162 1789 1240 1828 uolo,
1264 1802 1330 1831 quae
1351 1792 1442 1821 verba

317 1845 346 1872 in
370 1843 382 1871 I
406 1845 503 1872 versui
524 1846 583 1873 399
608 1845 710 1873 addita
733 1847 810 1879 sunt,
835 1845 923 1872 otiam
948 1845 977 1872 in
1000 1844 1020 1871 B
1040 1845 1122 1881 prius
1146 1844 1186 1872 ibi
1210 1845 1323 1882 scriptu
1347 1846 1440 1878 erant,

318 1898 421 1933 postea
438 1905 522 1923 erasa
539 1898 570 1924 et
588 1905 643 1924 suo
661 1896 724 1924 loco
743 1896 848 1934 posita.
870 1909 906 1915 —
927 1896 1000 1923 403.
1025 1892 1208 1930 Diuortunt,
1233 1895 1342 1923 diversi
1361 1897 1439 1923 suut.

318 1945 418 1974 Lninb.
443 1947 559 1974 confert.
583 1946 653 1975 Hor.
673 1946 728 1985 Ep.
749 1947 772 1982 1,
800 1947 846 1981 18,
872 1947 905 1975 3:
934 1950 985 1981 „ut
1009 1948 1142 1974 mntronu
1165 1946 1314 1974 meretrici
1339 1946 1440 1983 dispar

317 1996 406 2025 erit“.
434 2012 468 2016 —
495 1998 566 2025 404.
591 2004 763 2033 numquam
786 2007 841 2025 em.
866 1997 1010 2025 Fleckeis.
1037 1996 1140 2025 Philol.
1164 1996 1192 2024 II
1215 2007 1245 2034 p.
1270 1997 1326 2031 87;
1351 1996 1440 2033 vulgo

319 2047 416 2083 „n0n“
430 2059 436 2082 ;
461 2047 599 2076 Mueller.
616 2047 752 2083 ,‚nemo“⁷
773 2048 870 2076 deleto
886 2046 1092 2085 ,.quisqunm“.
1109 2061 1144 2066 ——
1160 2048 1231 2077 405.
1250 2045 1439 2084 pudicitiam

316 2099 345 2126 iu
374 2102 517 2136 quattuor
543 2099 671 2135 syllabas
700 2099 833 2127 contrahi
859 2099 990 2131 videtur,
1027 2110 1051 2127 v.
1073 2099 1110 2126 nd
1133 2098 1203 2127 Cist.
1230 2099 1279 2127 86.
1337 2097 1437 2126 Goetz.
