1596 2478
298 165 355 194 152
800 159 907 186 Casina.

295 258 332 287 ad
355 257 460 287 Bacch.
485 258 554 286 446.
580 271 619 276 —-
645 258 715 285 536.
734 253 952 293 puluinariwn
976 268 998 286 s.
1022 257 1168 294 pulvinar,
1201 258 1281 286 locus
1306 259 1334 286 iu
1357 267 1415 295 quo

295 309 406 338 residet
431 311 460 336 et
484 309 612 345 quiescit
636 309 718 336 navis
741 307 894 336 subducta.
919 322 960 327 -—
994 308 1063 336 540.
1094 307 1165 336 Post
1187 305 1274 346 litiyi
1297 306 1413 344 (litigii)

295 359 393 388 hiatus
416 361 554 396 correpta
577 359 682 387 vocali.
717 373 758 378 —
793 359 863 388 541.
898 359 933 386 ut
962 359 1067 396 scripsi
1099 361 1132 386 ut
1162 359 1221 387 425
1252 369 1307 397 pro
1335 360 1414 394 „at“‚

295 410 375 448 quod
399 409 470 438 ferri
494 419 551 438 uon
574 412 681 446 potest.

382 461 454 489 542.
483 459 658 497 Lysidamus
687 458 766 488 redit
790 469 806 488 a
831 461 903 494 foro,
935 469 993 497 quo
1022 461 1097 488 ierat
1120 470 1145 488 v.
1171 462 1240 489 505.
1287 460 1416 489 Sonat-iis

295 512 496 549 loquitu1·.——
522 511 592 539 544.
616 507 657 539 In
681 518 749 539 eum
773 507 868 545 (Uenu
894 510 1120 547 exspectabatur
1146 521 1199 547 „eo
1223 509 1300 540 die“.
1343 511 1415 540 Tum

296 572 349 600 pro
377 559 459 597 „cui“
487 561 634 591 Meursiufl
659 569 734 600 quo,
763 561 857 599 Gepp.
886 559 1023 598 „quom“.
1049 575 1088 580 —
1119 562 1188 590 548.
1217 559 1414 600 nequiquam,

296 623 322 642 v.
347 613 384 641 ad
407 612 495 641 Most.
524 613 619 648 1156;
643 622 743 641 errore
767 612 982 650 typographico
1006 612 1086 641 Pers.
1103 613 1161 641 357
1179 613 1413 651 „nequidquam“

297 664 408 692 editum
433 666 488 692 est.
508 678 544 683 —
572 664 631 692 549
656 663 728 692 exA
747 664 883 696 nccessit;
907 664 1059 701 supplevit
1077 663 1305 699 Studemumhs,
1329 674 1416 701 quem

296 715 432 752 sequitur
454 714 632 752 Geppertus.
662 729 703 733 —
733 715 802 743 550.
826 711 1044 751 percontarier
1066 715 1131 743 edd.
1158 729 1196 733 —
1228 716 1297 743 552.
1322 714 1417 753 neyet,

297 766 502 794 coniunctivus
526 766 704 795 attractione
728 765 932 805 explspandus,
957 765 1035 794 wad
1051 765 1119 794 134.
1139 780 1177 785 --
1204 767 1273 795 557.
1299 765 1416 801 ornata.

297 817 332 846 cf.
370 819 440 846 525.
476 832 516 836 —
557 818 626 846 561.
666 824 699 846 se
731 812 891 853 ειιίῖἷαιιὶΐ,
926 817 1107 852 suscensuit,
1137 818 1172 844 cf.
1203 817 1240 845 ad
1272 818 1341 846 304.
1382 832 1414 836 —

299 868 368 897 562.
403 865 565 906 quoniam,
600 869 620 896 i.
644 878 668 897 e.
698 871 871 905 postquam,
904 879 929 896 v.
961 867 997 895 ad
1023 868 1092 895 207.
1126 882 1162 886 --
1189 868 1257 896 564.
1297 878 1418 906 „purum

298 918 359 948 ew
386 919 423 948 ab
445 919 471 948 A
495 920 596 948 abesse
619 919 745 948 videtur.
766 933 807 938 -
832 919 901 947 566.
926 915 1010 956 quod
1030 915 1114 953 facto
1138 917 1184 947 est
1206 926 1301 956 opus,
1331 929 1356 948 v.
1382 920 1418 948 ud

297 970 403 1008 Amph.
430 971 499 999 501.
563 970 758 999 Numerorum
793 979 880 998 causa
909 969 1010 998 Muell.
1041 970 1194 1007 proponit:
1233 980 1305 1007 „ego
1339 971 1417 1008 quod
1476 985 1497 1002 ,-

297 1022 377 1050 intus
408 1022 486 1050 facto
515 1020 635 1059 opust“.
668 1035 709 1040 -
745 1021 814 1050 567.
852 1020 1048 1049 Personarum
1079 1024 1164 1049 notas
1194 1021 1260 1049 add.
1287 1022 1352 1050 edd.
1378 1037 1417 1042 —

300 1073 368 1101 568.
394 1072 520 1108 metum,
545 1082 569 1100 v.
595 1072 655 1100 600
679 1082 743 1109 sqq.
767 1086 808 1091 —
833 1073 903 1100 569.
928 1067 1040 1100 habebo
1064 1072 1132 1100 olim
1157 1072 1353 1101 emendatum.

385 1124 455 1151 570.
490 1122 567 1151 Dum
596 1123 773 1160 Lysidsmus
802 1123 837 1151 ad
867 1123 1045 1151 Alcesimum
1075 1133 1105 1150 se
1139 1123 1268 1158 confert,
1304 1125 1328 1152 is
1357 1124 1419 1162 ipse

299 1174 385 1202 domo
419 1174 580 1211 egreditur,
617 1177 649 1202 ut
683 1174 763 1202 illum
789 1174 955 1202 conveniat.
1008 1173 1057 1202 DV
1088 1174 1177 1202 titulo
1207 1173 1291 1202 addit
1321 1173 1355 1202 E.
1379 1189 1418 1194 -

299 1226 369 1254 571.
394 1221 588 1262 ludificatust
610 1225 643 1253 A.
670 1239 706 1244 —
733 1222 830 1260 larua,
855 1225 891 1252 cf.
916 1224 1007 1253 Merc.
1032 1226 1102 1253 969.
1128 1239 1166 1243 —
1192 1226 1261 1253 572.
1286 1232 1417 1253 commo-

298 1273 380 1311 dum,
405 1276 440 1304 ef.
465 1275 541 1304 Rud.
568 1277 636 1304 508.
663 1290 702 1295 —
728 1277 798 1304 575.
823 1272 964 1311 nucinas,
989 1276 1024 1304 cf.
1050 1277 1099 1304 29.
1128 1291 1161 1294 —
1190 1277 1258 1304 578.
1287 1274 1368 1312 Quin
1393 1277 1420 1305 te

298 1327 391 1365 Gepp.
436 1324 607 1364 suspendis
631 1327 700 1355 olim
725 1326 921 1355 emendatum.
948 1341 984 1346 —
1012 1328 1080 1356 579.
1105 1334 1233 1355 ‘umorem
1257 1327 1302 1356 bis
1326 1328 1418 1365 scrip·
1467 1316 1469 1320 Α

298 1381 359 1406 tum
384 1378 473 1406 habet
495 1378 530 1406 A.
555 1393 595 1397 —
621 1379 692 1406 580.
715 1375 812 1415 Eryo,
837 1387 863 1406 v.
889 1377 926 1406 ad
951 1378 1057 1416 Amph.
1083 1379 1150 1406 172.
1175 1393 1214 1397 —
1241 1379 1309 1407 583.
1336 1376 1419 1415 Quin

298 1436 388 1466 eapse
411 1430 576 1458 necessario
599 1429 787 1458 scribendum
812 1432 843 1457 ut
857 1430 926 1457 581.
975 1426 1056 1465 Quin
1080 1430 1108 1457 in
1131 1429 1185 1458 hac
1208 1439 1310 1458 senum
1328 1429 1418 1458 alter-

298 1481 415 1509 catione
427 1490 491 1509 cum
505 1489 610 1517 magna
623 1481 651 1508 vi
669 1480 779 1509 comica
792 1479 952 1508 identidem
968 1482 1123 1517 repetitur.
1138 1495 1177 1499 —
1192 1480 1244 1508 Vv.
1264 1481 1419 1515 585—88,

299 1541 364 1568 quae
387 1531 472 1560 codd.
497 1531 644 1560 Alcesimo
663 1531 834 1559 continuare
853 1530 1000 1565 videntur,
1024 1531 1148 1560 Bothius
1167 1532 1245 1559 inter
1263 1533 1420 1568 utrumque

298 1591 398 1610 senem
417 1582 622 1611 distribuenda
640 1592 703 1610 esse
721 1581 805 1610 vidit.
821 1597 860 1601 —
877 1578 959 1618 Quin
977 1579 1068 1610 etiam
1082 1579 1137 1611 diu
1150 1578 1298 1610 morabor.
1335 1582 1418 1617 Quod

298 1634 462 1662 Alcesimus
479 1633 596 1662 dixerat
614 1633 686 1661 bene
704 1643 776 1668 esse,
796 1634 819 1661 si
838 1634 951 1670 periret
969 1632 1154 1669 Lysidamus,
1180 1634 1226 1661 hic
1243 1633 1418 1670 respondet:

299 1685 390 1713 Immo
413 1694 472 1713 non
495 1684 613 1722 peribo;
638 1684 688 1712 diu
713 1684 801 1712 etiam
827 1685 855 1712 iu
880 1685 940 1712 vita
963 1684 1108 1712 morabor.
1154 1684 1233 1712 Idem
1252 1686 1418 1722 proximum

299 1735 436 1763 Alcesimi
454 1745 619 1764 sermonem
637 1744 698 1772 prae
717 1735 761 1762 ira
773 1738 803 1762 et
821 1734 920 1763 studio
944 1735 1149 1772 interrumpit3
1176 1746 1227 1764 nec
1246 1739 1344 1764 tamen
1358 1736 1419 1773 ipse

299 1787 476 1815 sententiam
500 1797 516 1814 a
537 1783 621 1823 Quin
644 1786 790 1824 inceptam
813 1787 974 1820 continuat,
999 1785 1049 1813 sed
1073 1788 1227 1823 postquam
1246 1786 1421 1823 Lysidamus

300 1847 382 1866 suam
407 1837 544 1872 absolvit,
569 1837 745 1875 respondet:
780 1834 861 1873 Quin
885 1833 1000 1871 faciam
1026 1833 1140 1871 lubens,
1165 1847 1204 1865 sc.
1229 1837 1282 1865 tibi
1307 1837 1420 1874 aliquid

300 1898 398 1925 aegro.
444 1888 567 1916 Bothius
591 1898 679 1925 quum
703 1898 762 1916 non
787 1888 910 1917 vidisset
932 1884 1035 1922 face-re
1053 1898 1069 1916 n
1087 1885 1177 1924 cupio
1195 1887 1335 1924 pendere,
1358 1888 1418 1916 ed.:

304 1939 398 1974 „Quin
423 1939 536 1976 aliquid
560 1948 649 1975 aegre
673 1938 808 1967 fucinm“.
840 1953 879 1957 —
916 1940 986 1967 587.
1021 1939 1072 1967 Ait
1100 1948 1131 1967 ee
1160 1942 1219 1967 tum
1243 1948 1321 1976 saepe
1344 1937 1420 1977 quin-

301 1990 498 2027 repetiturum
523 1999 585 2018 esso
609 1999 696 2027 quam
721 1989 861 2025 ultorum,
887 2000 939 2018 uec
962 1990 1044 2026 prius
1068 1999 1155 2027 quam
1180 1990 1264 2018 illum
1286 1989 1322 2018 ab
1347 1989 1419 2018 obii—

301 2039 403 2068 ciendo
434 2043 463 2068 et
493 2041 629 2078 negando
664 2041 850 2070 destiturum.
907 2040 1000 2079 Gepp.
1029 2039 1077 2076 „id
1100 2041 1190 2078 quin“
1216 2039 1326 2075 edidit;
1361 2051 1419 2069 non
1470 2040 1473 2046 “

300 2101 383 2129 opus.
409 2106 448 2110 —
473 2093 542 2120 591.
572 2088 650 2121 Cum
672 2089 739 2126 hac,
762 2099 831 2120 cum
855 2089 938 2127 istac,
963 2091 1060 2119 hiatus
1083 2093 1116 2119 ut
1139 2091 1224 2120 Truc.
1251 2092 1302 2119 38:
1332 2090 1419 2126 .,dum
