1596 2478
151 217 180 247 V.
200 220 223 250 4,
242 219 327 244 9-—13
656 217 761 242 Casina,
1225 218 1264 248 75

611 310 802 342 Chahnus

149 367 219 399 Non
245 377 335 398 amas
358 366 428 398 me?

586 424 821 457 Cleostrata

368 480 451 518 Quin
475 480 652 521 responde:
675 483 734 511 tuo
757 479 834 520 quid
859 480 979 511 factum
1004 484 1052 512 est
1075 480 1196 520 pallio?
1215 489 1266 514 900

587 556 612 588 L
620 567 640 598 y
648 557 679 588 si
688 556 708 587 d
718 567 737 588 a
743 567 775 588 m
781 567 803 588 u
810 567 825 588 s

148 611 297 644 Bacchae
320 611 438 650 hercle,
461 622 542 643 uxor
564 628 605 633 —

586 681 826 714 Cleostrata

544 736 692 768 Bacchae
698 737 713 767 ⁴?

587 819 612 850 L
620 830 640 860 y
647 820 680 851 si
688 819 708 851 d
716 829 736 850 a
743 830 774 850 m
782 830 803 850 u
812 829 827 850 s

656 873 804 905 Bacchae
828 873 938 906 hercle
961 884 1043 905 uxor
1066 891 1105 895 —

602 945 807 986 Myrrhina

968 999 1120 1040 Nugatur
1144 999 1264 1037 sciens;

146 1053 228 1084 Nam
254 1057 383 1085 ecastor
406 1063 490 1084 nunc
514 1053 658 1084 bacchae
682 1053 790 1084 nullae
814 1053 941 1085 ludunt.

586 1130 636 1171 Ly
646 1130 823 1162 sidamus

983 1184 1115 1216 Oblitus
1139 1184 1193 1216 fui.

147 1238 209 1270 Sed
234 1242 344 1271 tamen
366 1239 520 1270 bacchae.

602 1307 808 1348 Myrrhina

461 1360 546 1399 Quid
570 1361 734 1393 bacchae?
779 1361 881 1393 Immo
905 1361 939 1392 id
962 1360 1032 1392 fieri
1056 1371 1120 1392 non
1144 1363 1262 1401 potest-

584 1429 826 1462 Cleostrata

145 1484 253 1517 Times
276 1488 415 1517 ecastor.

584 1544 819 1585 Lysidamus

401 1599 512 1640 Egone
519 1599 535 1630 ¹?

598 1667 808 1708 Myrrhina

528 1721 624 1753 Haud
647 1722 784 1754 mentire
807 1721 932 1760 hercle3
956 1731 1031 1752 nam
1054 1720 1153 1762 pallet
1172 1720 1259 1752 male.

232 2128 278 2154 901
300 2127 392 2154 Bache
411 2136 477 2161 ergo
496 2127 588 2154 hercle
606 2127 682 2153 BIE
777 2128 827 2154 902
845 2128 928 2153 clitus
947 2128 974 2154 B
1068 2128 1118 2154 903
1136 2128 1164 2153 in
1183 2128 1210 2153 id
1229 2127 1264 2159 B,

142 2171 198 2197 mid
217 2170 252 2203 E,
272 2171 301 2197 id
319 2170 339 2196 Ι
406 2171 457 2196 904
475 2179 560 2204 pa...
580 2169 654 2197 BIE
