1596 2478
304 183 365 212 200
819 182 907 208 Plauti
1213 182 1258 214 ιν,
1277 185 1301 216 2,
1319 186 1421 210 44—50

769 275 800 306 M
808 286 828 307 a
835 279 849 307 t
855 287 871 307 r
879 286 898 307 o
906 287 925 307 u
933 286 952 308 a

547 330 591 361 Te
615 331 697 362 scire
721 333 861 370 oportet.

755 400 972 432 Peniculus

912 455 993 494 Scit;
1018 456 1074 488 sed
1099 456 1283 489 dissimulat
1307 457 1419 490 malus.

722 526 752 557 M
763 537 884 558 enaec
894 526 951 558 hm
961 537 1004 558 us

306 580 391 618 Quid
414 580 576 622 negotist?

770 640 954 671 Matrona

552 693 678 726 Pallam
700 711 741 716 —

725 764 911 797 Menace-11.
920 776 949 796 m
958 778 998 797 as

705 818 830 851 Pallam
837 820 852 851 ¹?

774 890 837 922 Ma
846 892 955 921 trena

839 945 980 983 Quidam
1005 945 1127 987 pallam
1150 963 1190 968 —

756 1015 973 1048 Peniculus

1189 1071 1272 1109 Quid
1297 1072 1421 1113 panes?

724 1130 1004 1163 Menaechmus

308 1185 393 1216 Nihil
417 1185 566 1226 equidem
591 1195 694 1225 paueo
717 1185 779 1216 uisi
804 1195 917 1216 unum:
944 1185 1031 1225 palla
1055 1185 1212 1226 pallorem
1237 1185 1362 1216 incutit.

756 1253 972 1284 Peniculus

306 1308 347 1338 At
369 1311 405 1339 tu
429 1319 468 1339 ue
492 1308 574 1339 clam
599 1318 648 1339 me
671 1318 835 1340 comesses
861 1307 1040 1347 prandium.
1067 1324 1105 1328 —-
1125 1307 1224 1347 Perge
1248 1308 1279 1338 in
1304 1308 1420 1338 uirum.

723 1367 1004 1399 Menaechmus

306 1422 377 1455 Non
400 1423 511 1454 taces?

757 1480 972 1513 Peniculus

526 1535 599 1567 Non
622 1535 731 1567 hercle
755 1546 833 1567 uero
857 1539 961 1567 taceo.
975 1535 1140 1572 —Nutat,
1164 1546 1202 1566 ne
1225 1534 1350 1576 loquar.
1369 1542 1421 1568 600

723 1595 1002 1627 Menaechmus

306 1650 376 1681 Non
395 1650 504 1681 hercle
524 1661 582 1690 ego
602 1650 732 1690 quidem
752 1659 888 1690 usquam
907 1649 1084 1690 qiiidquam
1103 1653 1181 1680 nuto
1206 1659 1310 1689 neque
1334 1649 1421 1679 nicto

1019 1703 1088 1735 tibi.

771 1763 954 1796 Matrona

307 1817 354 1850 Ne
378 1828 436 1858 ego
460 1821 586 1850 ecastor
610 1818 724 1850 mulier
748 1819 875 1850 misera.

723 1888 1004 1921 Menaechmus

841 1942 901 1979 Qui
926 1945 961 1973 tu
987 1942 1104 1973 misera
1127 1952 1170 1978 θε,
1196 1942 1271 1973 mihi
1296 1942 1421 1983 expedi.

375 2047 424 2072 596
443 2046 480 2071 sit
557 2046 743 2072 sedissimulat
761 2044 796 2076 B,
815 2044 888 2070 sedis
908 2044 1005 2070 simula
1025 2043 1047 2070 C
1127 2045 1178 2070 597
1198 2043 1298 2077 pallam
1319 2043 1420 2077 pallam

307 2088 419 2122 quidam
483 2090 533 2114 598
552 2089 634 2122 pauiu
695 2089 746 2114 599
764 2096 815 2114 uec
833 2087 887 2112 iam
946 2087 998 2112 600
1017 2089 1110 2112 unu-at
1129 2086 1152 2112 G
1205 2087 1254 2112 502
1273 2091 1384 2119 cgnstor
1402 2087 1424 2112 0

375 2140 489 2158 minores
