<?xml version="1.0" encoding="UTF-8"?>
<!DOCTYPE html PUBLIC "-//W3C//DTD XHTML 1.0 Transitional//EN"
    "http://www.w3.org/TR/xhtml1/DTD/xhtml1-transitional.dtd">
<html xmlns="http://www.w3.org/1999/xhtml" xml:lang="en" lang="en">
 <head>
  <title>
</title>
<meta http-equiv="Content-Type" content="text/html;charset=utf-8" />
  <meta name='ocr-system' content='tesseract 3.04.00' />
  <meta name='ocr-capabilities' content='ocr_page ocr_carea ocr_par ocr_line ocrx_word'/>
</head>
<body>
  <div class='ocr_page' id='page_1' title='image "./comoediaerecensu03plauuoft_0106.png"; bbox 0 0 1596 2478; ppageno 0'>
   <div class='ocr_carea' id='block_1_1' title="bbox 345 196 944 231">
    <p class='ocr_par' dir='ltr' id='par_1_1' title="bbox 345 196 944 231">
     <span class='ocr_line' id='line_1_1' title="bbox 345 196 944 231; baseline -0.015 0"><span class='ocrx_word' id='word_1_1' title='bbox 345 202 384 231; x_wconf 81' lang='grc'>98</span> <span class='ocrx_word' id='word_1_2' title='bbox 854 196 944 223; x_wconf 73' lang='lat' dir='ltr'>Plauti</span> 
     </span>
    </p>
   </div>
   <div class='ocr_carea' id='block_1_2' title="bbox 345 292 1311 386">
    <p class='ocr_par' dir='ltr' id='par_1_2' title="bbox 345 292 1311 386">
     <span class='ocr_line' id='line_1_2' title="bbox 821 292 980 324; baseline 0 -1"><span class='ocrx_word' id='word_1_3' title='bbox 821 292 980 324; x_wconf 79' lang='lat' dir='ltr'><strong>Amicus</strong></span> 
     </span>
     <span class='ocr_line' id='line_1_3' title="bbox 345 345 1311 386; baseline -0.004 -6"><span class='ocrx_word' id='word_1_4' title='bbox 345 348 431 380; x_wconf 83' lang='lat' dir='ltr'>Caue</span> <span class='ocrx_word' id='word_1_5' title='bbox 455 348 499 379; x_wconf 88' lang='lat' dir='ltr'>sis</span> <span class='ocrx_word' id='word_1_6' title='bbox 522 357 593 378; x_wconf 87' lang='lat' dir='ltr'>cum</span> <span class='ocrx_word' id='word_1_7' title='bbox 618 356 726 377; x_wconf 82' lang='lat' dir='ltr'>amore</span> <span class='ocrx_word' id='word_1_8' title='bbox 750 350 785 378; x_wconf 82' lang='lat' dir='ltr'>tu</span> <span class='ocrx_word' id='word_1_9' title='bbox 807 356 961 386; x_wconf 77' lang='lat' dir='ltr'>umquam</span> <span class='ocrx_word' id='word_1_10' title='bbox 984 345 1102 378; x_wconf 86' lang='lat' dir='ltr'>bellum</span> <span class='ocrx_word' id='word_1_11' title='bbox 1127 345 1311 386; x_wconf 76' lang='lat' dir='ltr'>sumpseris</span> 
     </span>
    </p>
   </div>
   <div class='ocr_carea' id='block_1_3' title="bbox 346 421 1036 517">
    <p class='ocr_par' dir='ltr' id='par_1_3' title="bbox 346 421 1036 517">
     <span class='ocr_line' id='line_1_4' title="bbox 710 421 1036 454; baseline -0.006 0"><span class='ocrx_word' id='word_1_12' title='bbox 710 421 1036 454; x_wconf 82' lang='lat' dir='ltr'>Alcesimarchus</span> 
     </span>
     <span class='ocr_line' id='line_1_5' title="bbox 346 477 594 517; baseline -0.008 -7"><span class='ocrx_word' id='word_1_13' title='bbox 346 479 430 517; x_wconf 86' lang='lat' dir='ltr'>Quid</span> <span class='ocrx_word' id='word_1_14' title='bbox 455 477 594 510; x_wconf 80' lang='lat' dir='ltr'>faciam?</span> 
     </span>
    </p>
   </div>
   <div class='ocr_carea' id='block_1_4' title="bbox 348 548 1292 753">
    <p class='ocr_par' dir='ltr' id='par_1_4' title="bbox 348 548 1292 753">
     <span class='ocr_line' id='line_1_6' title="bbox 824 548 983 579; baseline -0.013 0"><span class='ocrx_word' id='word_1_15' title='bbox 824 548 983 579; x_wconf 82' lang='lat' dir='ltr'><strong>Amicus</strong></span> 
     </span>
     <span class='ocr_line' id='line_1_7' title="bbox 645 601 1292 638; baseline -0.002 -5"><span class='ocrx_word' id='word_1_16' title='bbox 645 602 693 633; x_wconf 81' lang='lat' dir='ltr'>Ad</span> <span class='ocrx_word' id='word_1_17' title='bbox 717 606 854 633; x_wconf 84' lang='lat' dir='ltr'>matrem</span> <span class='ocrx_word' id='word_1_18' title='bbox 878 602 946 637; x_wconf 73' lang='lat' dir='ltr'>eius</span> <span class='ocrx_word' id='word_1_19' title='bbox 970 601 1123 632; x_wconf 81' lang='lat' dir='ltr'>deuenias</span> <span class='ocrx_word' id='word_1_20' title='bbox 1147 601 1292 638; x_wconf 52' lang='lat' dir='ltr'>domuum</span> 
     </span>
     <span class='ocr_line' id='line_1_8' title="bbox 348 655 1118 698; baseline -0.003 -9"><span class='ocrx_word' id='word_1_21' title='bbox 348 658 524 698; x_wconf 82' lang='lat' dir='ltr'>Expurges.</span> <span class='ocrx_word' id='word_1_22' title='bbox 548 657 644 690; x_wconf 80' lang='lat' dir='ltr'>iures,</span> <span class='ocrx_word' id='word_1_23' title='bbox 667 667 738 688; x_wconf 88' lang='lat' dir='ltr'>ores</span> <span class='ocrx_word' id='word_1_24' title='bbox 762 655 878 687; x_wconf 83' lang='lat' dir='ltr'>blande</span> <span class='ocrx_word' id='word_1_25' title='bbox 902 665 960 695; x_wconf 87' lang='lat' dir='ltr'>per</span> <span class='ocrx_word' id='word_1_26' title='bbox 983 665 1118 696; x_wconf 82' lang='lat' dir='ltr'>precem.</span> 
     </span>
     <span class='ocr_line' id='line_1_9' title="bbox 349 709 1006 753; baseline -0.005 -10"><span class='ocrx_word' id='word_1_27' title='bbox 349 712 493 753; x_wconf 85' lang='lat' dir='ltr'>Eamque</span> <span class='ocrx_word' id='word_1_28' title='bbox 517 721 640 742; x_wconf 86' lang='lat' dir='ltr'>exores.</span> <span class='ocrx_word' id='word_1_29' title='bbox 664 721 704 741; x_wconf 85' lang='lat' dir='ltr'>ne</span> <span class='ocrx_word' id='word_1_30' title='bbox 727 709 786 741; x_wconf 85' lang='lat' dir='ltr'>tibi</span> <span class='ocrx_word' id='word_1_31' title='bbox 811 713 1006 741; x_wconf 83' lang='lat' dir='ltr'>suscenseat.</span> 
     </span>
    </p>
   </div>
   <div class='ocr_carea' id='block_1_5' title="bbox 349 792 1462 890">
    <p class='ocr_par' dir='ltr' id='par_1_5' title="bbox 349 792 1462 890">
     <span class='ocr_line' id='line_1_10' title="bbox 741 792 1069 824; baseline 0.003 -1"><span class='ocrx_word' id='word_1_32' title='bbox 741 792 1069 824; x_wconf 82' lang='lat' dir='ltr'>Alcesimarchus</span> 
     </span>
     <span class='ocr_line' id='line_1_11' title="bbox 349 846 1462 890; baseline -0.004 -10"><span class='ocrx_word' id='word_1_33' title='bbox 349 848 546 890; x_wconf 80' lang='lat' dir='ltr'>Expurgabo</span> <span class='ocrx_word' id='word_1_34' title='bbox 570 847 678 879; x_wconf 89' lang='lat' dir='ltr'>hercle</span> <span class='ocrx_word' id='word_1_35' title='bbox 701 847 811 878; x_wconf 86' lang='lat' dir='ltr'>omnia</span> <span class='ocrx_word' id='word_1_36' title='bbox 834 846 876 877; x_wconf 79' lang='lat' dir='ltr'>ad</span> <span class='ocrx_word' id='word_1_37' title='bbox 899 855 1031 878; x_wconf 79' lang='lat' dir='ltr'>raucam</span> <span class='ocrx_word' id='word_1_38' title='bbox 1055 846 1168 877; x_wconf 80' lang='lat' dir='ltr'>rauim.</span> <span class='ocrx_word' id='word_1_39' title='bbox 1411 856 1462 881; x_wconf 78' lang='lat'>260</span> 
     </span>
    </p>
   </div>
   <div class='ocr_carea' id='block_1_6' title="bbox 350 1226 1464 1376">
    <p class='ocr_par' dir='ltr' id='par_1_6' title="bbox 350 1226 1464 1376">
     <span class='ocr_line' id='line_1_12' title="bbox 350 1226 1464 1268; baseline -0.002 -9"><span class='ocrx_word' id='word_1_40' title='bbox 350 1227 584 1259; x_wconf 86' lang='lat' dir='ltr'>Mulierculam.</span> <span class='ocrx_word' id='word_1_41' title='bbox 629 1226 678 1258; x_wconf 80' lang='lat' dir='ltr'>Ea</span> <span class='ocrx_word' id='word_1_42' title='bbox 697 1226 848 1258; x_wconf 81' lang='lat' dir='ltr'>ornatula</span> <span class='ocrx_word' id='word_1_43' title='bbox 871 1227 898 1258; x_wconf 87' lang='lat' dir='ltr'>si</span> <span class='ocrx_word' id='word_1_44' title='bbox 922 1228 973 1264; x_wconf 79' lang='lat' dir='ltr'>sit,</span> <span class='ocrx_word' id='word_1_45' title='bbox 998 1230 1034 1259; x_wconf 81' lang='lat' dir='ltr'>ut</span> <span class='ocrx_word' id='word_1_46' title='bbox 1056 1227 1186 1268; x_wconf 90' lang='lat' dir='ltr'>quidem</span> <span class='ocrx_word' id='word_1_47' title='bbox 1211 1227 1318 1259; x_wconf 85' lang='lat' dir='ltr'>hercle</span> <span class='ocrx_word' id='word_1_48' title='bbox 1341 1228 1464 1264; x_wconf 70' lang='lat' dir='ltr'>scitas-t,</span> 
     </span>
     <span class='ocr_line' id='line_1_13' title="bbox 351 1280 1461 1322; baseline 0 -9"><span class='ocrx_word' id='word_1_49' title='bbox 351 1282 552 1321; x_wconf 86' lang='lat' dir='ltr'>Quamquam</span> <span class='ocrx_word' id='word_1_50' title='bbox 566 1286 659 1312; x_wconf 83' lang='lat' dir='ltr'>uetus</span> <span class='ocrx_word' id='word_1_51' title='bbox 672 1280 858 1313; x_wconf 74' lang='lat' dir='ltr'>cantherius</span> <span class='ocrx_word' id='word_1_52' title='bbox 876 1291 955 1313; x_wconf 89' lang='lat' dir='ltr'>sum.</span> <span class='ocrx_word' id='word_1_53' title='bbox 976 1283 1073 1314; x_wconf 82' lang='lat' dir='ltr'>etiam</span> <span class='ocrx_word' id='word_1_54' title='bbox 1093 1292 1184 1319; x_wconf 86' lang='lat' dir='ltr'>nunc,</span> <span class='ocrx_word' id='word_1_55' title='bbox 1205 1286 1241 1312; x_wconf 84' lang='lat' dir='ltr'>ut</span> <span class='ocrx_word' id='word_1_56' title='bbox 1259 1291 1319 1321; x_wconf 83' lang='lat' dir='ltr'>ego</span> <span class='ocrx_word' id='word_1_57' title='bbox 1338 1283 1461 1322; x_wconf 81' lang='lat' dir='ltr'>opinor,</span> 
     </span>
     <span class='ocr_line' id='line_1_14' title="bbox 351 1333 1414 1376; baseline 0.001 -10"><span class='ocrx_word' id='word_1_58' title='bbox 351 1336 529 1367; x_wconf 81' lang='lat' dir='ltr'>Adhinnire</span> <span class='ocrx_word' id='word_1_59' title='bbox 553 1334 702 1376; x_wconf 85' lang='lat' dir='ltr'>equolam</span> <span class='ocrx_word' id='word_1_60' title='bbox 727 1343 859 1375; x_wconf 85' lang='lat' dir='ltr'>possum</span> <span class='ocrx_word' id='word_1_61' title='bbox 885 1343 942 1371; x_wconf 76' lang='lat' dir='ltr'>ego</span> <span class='ocrx_word' id='word_1_62' title='bbox 967 1333 1058 1371; x_wconf 83' lang='lat' dir='ltr'>hanc,</span> <span class='ocrx_word' id='word_1_63' title='bbox 1083 1337 1107 1366; x_wconf 91' lang='lat' dir='ltr'>si</span> <span class='ocrx_word' id='word_1_64' title='bbox 1134 1335 1228 1366; x_wconf 81' lang='lat' dir='ltr'>detur</span> <span class='ocrx_word' id='word_1_65' title='bbox 1251 1335 1321 1367; x_wconf 85' lang='lat' dir='ltr'>sola</span> <span class='ocrx_word' id='word_1_66' title='bbox 1344 1335 1414 1367; x_wconf 86' lang='lat' dir='ltr'>soli.</span> 
     </span>
    </p>
   </div>
   <div class='ocr_carea' id='block_1_7' title="bbox 353 1406 1365 1546">
    <p class='ocr_par' dir='ltr' id='par_1_7' title="bbox 353 1406 1365 1546">
     <span class='ocr_line' id='line_1_15' title="bbox 779 1406 1028 1447; baseline 0 -10"><span class='ocrx_word' id='word_1_67' title='bbox 779 1406 1028 1447; x_wconf 83' lang='lat' dir='ltr'>Gymnasium</span> 
     </span>
     <span class='ocr_line' id='line_1_16' title="bbox 353 1459 1365 1501; baseline -0.001 -9"><span class='ocrx_word' id='word_1_68' title='bbox 353 1461 455 1492; x_wconf 78' lang='lat' dir='ltr'>Nimis</span> <span class='ocrx_word' id='word_1_69' title='bbox 479 1465 662 1501; x_wconf 67' lang='lat' dir='ltr'>opportune</span> <span class='ocrx_word' id='word_1_70' title='bbox 686 1459 762 1491; x_wconf 91' lang='lat' dir='ltr'>mihi</span> <span class='ocrx_word' id='word_1_71' title='bbox 787 1461 904 1493; x_wconf 83' lang='lat' dir='ltr'>euenit.</span> <span class='ocrx_word' id='word_1_72' title='bbox 929 1460 1051 1491; x_wconf 74' lang='lat' dir='ltr'>redisse.</span> <span class='ocrx_word' id='word_1_73' title='bbox 1076 1460 1365 1497; x_wconf 74' lang='lat' dir='ltr'>Alcesimarchum3</span> 
     </span>
     <span class='ocr_line' id='line_1_17' title="bbox 353 1514 1004 1546; baseline -0.003 0"><span class='ocrx_word' id='word_1_74' title='bbox 353 1516 434 1546; x_wconf 83' lang='lat' dir='ltr'>Nam</span> <span class='ocrx_word' id='word_1_75' title='bbox 458 1515 527 1546; x_wconf 78' lang='lat' dir='ltr'>sola</span> <span class='ocrx_word' id='word_1_76' title='bbox 550 1514 638 1546; x_wconf 85' lang='lat' dir='ltr'>nulla</span> <span class='ocrx_word' id='word_1_77' title='bbox 661 1515 794 1545; x_wconf 80' lang='lat' dir='ltr'>inuitior</span> <span class='ocrx_word' id='word_1_78' title='bbox 817 1514 901 1546; x_wconf 84' lang='lat' dir='ltr'>solet</span> <span class='ocrx_word' id='word_1_79' title='bbox 924 1525 1004 1545; x_wconf 82' lang='lat' dir='ltr'>esse.</span> 
     </span>
    </p>
   </div>
   <div class='ocr_carea' id='block_1_8' title="bbox 355 1594 1465 1845">
    <p class='ocr_par' dir='ltr' id='par_1_8' title="bbox 355 1594 1465 1845">
     <span class='ocr_line' id='line_1_18' title="bbox 843 1594 968 1625; baseline 0 0"><span class='ocrx_word' id='word_1_80' title='bbox 843 1594 968 1625; x_wconf 82' lang='lat' dir='ltr'>Senex</span> 
     </span>
     <span class='ocr_line' id='line_1_19' title="bbox 1048 1649 1465 1683; baseline 0.01 -4"><span class='ocrx_word' id='word_1_81' title='bbox 1048 1649 1096 1679; x_wconf 82' lang='lat' dir='ltr'>Me</span> <span class='ocrx_word' id='word_1_82' title='bbox 1121 1653 1250 1681; x_wconf 84' lang='lat' dir='ltr'>uocato.</span> <span class='ocrx_word' id='word_1_83' title='bbox 1415 1658 1465 1683; x_wconf 83' lang='lat'>265</span> 
     </span>
     <span class='ocr_line' id='line_1_20' title="bbox 355 1692 571 1723; baseline 0.005 -1"><span class='ocrx_word' id='word_1_84' title='bbox 355 1692 401 1723; x_wconf 88' lang='lat' dir='ltr'>Ne</span> <span class='ocrx_word' id='word_1_85' title='bbox 425 1692 495 1723; x_wconf 79' lang='lat' dir='ltr'>sola</span> <span class='ocrx_word' id='word_1_86' title='bbox 519 1692 571 1723; x_wconf 80' lang='lat' dir='ltr'>sis.</span> 
     </span>
     <span class='ocr_line' id='line_1_21' title="bbox 788 1750 1034 1791; baseline 0 -9"><span class='ocrx_word' id='word_1_87' title='bbox 788 1750 1034 1791; x_wconf 80' lang='lat' dir='ltr'>Gymnasium</span> 
     </span>
     <span class='ocr_line' id='line_1_22' title="bbox 674 1805 1219 1845; baseline -0.002 -8"><span class='ocrx_word' id='word_1_88' title='bbox 674 1830 680 1837; x_wconf 96' lang='lat'>.</span> <span class='ocrx_word' id='word_1_89' title='bbox 706 1830 711 1836; x_wconf 94' lang='lat'><strong>.</strong></span> <span class='ocrx_word' id='word_1_90' title='bbox 736 1816 807 1837; x_wconf 89' lang='lat' dir='ltr'>cum</span> <span class='ocrx_word' id='word_1_91' title='bbox 832 1829 838 1835; x_wconf 91' lang='lat'>.</span> <span class='ocrx_word' id='word_1_92' title='bbox 865 1830 870 1836; x_wconf 95' lang='lat'>.</span> <span class='ocrx_word' id='word_1_93' title='bbox 895 1828 902 1835; x_wconf 94' lang='lat'>.</span> <span class='ocrx_word' id='word_1_94' title='bbox 926 1809 962 1836; x_wconf 84' lang='lat' dir='ltr'>tu</span> <span class='ocrx_word' id='word_1_95' title='bbox 985 1816 1064 1844; x_wconf 80' lang='lat' dir='ltr'>agas</span> <span class='ocrx_word' id='word_1_96' title='bbox 1087 1805 1219 1845; x_wconf 84' lang='lat' dir='ltr'>aliquid.</span> 
     </span>
    </p>
   </div>
   <div class='ocr_carea' id='block_1_9' title="bbox 354 1859 1437 2008">
    <p class='ocr_par' dir='ltr' id='par_1_9' title="bbox 354 1859 1437 2008">
     <span class='ocr_line' id='line_1_23' title="bbox 354 1859 1379 1900; baseline 0 -10"><span class='ocrx_word' id='word_1_97' title='bbox 354 1859 455 1890; x_wconf 80' lang='lat' dir='ltr'>Nimis</span> <span class='ocrx_word' id='word_1_98' title='bbox 479 1859 586 1900; x_wconf 79' lang='lat' dir='ltr'>lepide</span> <span class='ocrx_word' id='word_1_99' title='bbox 609 1860 853 1891; x_wconf 70' lang='lat' dir='ltr'>exconcinnauit</span> <span class='ocrx_word' id='word_1_100' title='bbox 876 1859 974 1891; x_wconf 82' lang='lat' dir='ltr'>hasce</span> <span class='ocrx_word' id='word_1_101' title='bbox 997 1859 1088 1890; x_wconf 81' lang='lat' dir='ltr'>aedis</span> <span class='ocrx_word' id='word_1_102' title='bbox 1112 1859 1379 1894; x_wconf 78' lang='lat' dir='ltr'>Alcesimarchus.</span> 
     </span>
     <span class='ocr_line' id='line_1_24' title="bbox 356 1913 1276 1954; baseline -0.001 -9"><span class='ocrx_word' id='word_1_103' title='bbox 356 1913 399 1945; x_wconf 81' lang='lat' dir='ltr'>Ut</span> <span class='ocrx_word' id='word_1_104' title='bbox 421 1914 477 1954; x_wconf 87' lang='lat' dir='ltr'>qui</span> <span class='ocrx_word' id='word_1_105' title='bbox 501 1914 606 1944; x_wconf 69' lang='lat' dir='ltr'>sancte</span> <span class='ocrx_word' id='word_1_106' title='bbox 628 1913 786 1945; x_wconf 73' lang='lat' dir='ltr'>iurauerit</span> <span class='ocrx_word' id='word_1_107' title='bbox 808 1913 935 1945; x_wconf 80' lang='lat' dir='ltr'>eandem</span> <span class='ocrx_word' id='word_1_108' title='bbox 956 1924 989 1944; x_wconf 76' lang='lat' dir='ltr'>sc</span> <span class='ocrx_word' id='word_1_109' title='bbox 1011 1923 1119 1944; x_wconf 77' lang='lat' dir='ltr'>amare</span> <span class='ocrx_word' id='word_1_110' title='bbox 1144 1924 1276 1954; x_wconf 84' lang='lat' dir='ltr'>semper.</span> 
     </span>
     <span class='ocr_line' id='line_1_25' title="bbox 355 1967 1437 2008; baseline -0.001 -9"><span class='ocrx_word' id='word_1_111' title='bbox 355 1967 505 1999; x_wconf 75' lang='lat' dir='ltr'>Uenerem</span> <span class='ocrx_word' id='word_1_112' title='bbox 533 1978 651 1998; x_wconf 84' lang='lat' dir='ltr'>meram</span> <span class='ocrx_word' id='word_1_113' title='bbox 675 1967 756 1999; x_wconf 78' lang='lat' dir='ltr'>haec</span> <span class='ocrx_word' id='word_1_114' title='bbox 779 1967 877 1999; x_wconf 86' lang='lat' dir='ltr'>aedes</span> <span class='ocrx_word' id='word_1_115' title='bbox 901 1967 996 2005; x_wconf 75' lang='lat' dir='ltr'>olent,</span> <span class='ocrx_word' id='word_1_116' title='bbox 1021 1968 1099 2008; x_wconf 83' lang='lat' dir='ltr'>quia</span> <span class='ocrx_word' id='word_1_117' title='bbox 1122 1972 1248 1999; x_wconf 80' lang='lat' dir='ltr'>amator</span> <span class='ocrx_word' id='word_1_118' title='bbox 1271 1967 1437 2008; x_wconf 78' lang='lat' dir='ltr'>expoliuit.</span> 
     </span>
    </p>
   </div>
   <div class='ocr_carea' id='block_1_10' title="bbox 454 2054 571 2057">
    <p class='ocr_par' dir='ltr' id='par_1_10' title="bbox 454 2054 571 2057">
     <span class='ocr_line' id='line_1_26' title="bbox 454 2054 571 2057; baseline 0 0"><span class='ocrx_word' id='word_1_119' title='bbox 454 2054 571 2057; x_wconf 95' lang='lat' dir='ltr'> </span> 
     </span>
    </p>
   </div>
   <div class='ocr_carea' id='block_1_11' title="bbox 355 2094 1467 2172">
    <p class='ocr_par' dir='ltr' id='par_1_11' title="bbox 355 2094 1467 2172">
     <span class='ocr_line' id='line_1_27' title="bbox 440 2094 1467 2122; baseline 0 -2"><span class='ocrx_word' id='word_1_120' title='bbox 440 2096 491 2120; x_wconf 80' lang='lat'>260</span> <span class='ocrx_word' id='word_1_121' title='bbox 508 2095 708 2121; x_wconf 73' lang='lat' dir='ltr'>herclenomnia</span> <span class='ocrx_word' id='word_1_122' title='bbox 802 2096 849 2121; x_wconf 83' lang='lat'>261</span> <span class='ocrx_word' id='word_1_123' title='bbox 869 2095 939 2121; x_wconf 71' lang='lat' dir='ltr'>scita</span> <span class='ocrx_word' id='word_1_124' title='bbox 1031 2096 1080 2122; x_wconf 80' lang='lat'>263</span> <span class='ocrx_word' id='word_1_125' title='bbox 1099 2095 1266 2121; x_wconf 75' lang='lat' dir='ltr'>Adhinniret</span> <span class='ocrx_word' id='word_1_126' title='bbox 1360 2095 1410 2121; x_wconf 79' lang='lat'>268</span> <span class='ocrx_word' id='word_1_127' title='bbox 1430 2094 1467 2121; x_wconf 67' lang='lat' dir='ltr'>Ut</span> 
     </span>
     <span class='ocr_line' id='line_1_28' title="bbox 355 2137 1072 2172; baseline 0.001 -9"><span class='ocrx_word' id='word_1_128' title='bbox 355 2138 400 2172; x_wconf 87' lang='lat' dir='ltr'>qui</span> <span class='ocrx_word' id='word_1_129' title='bbox 412 2157 502 2163; x_wconf 89' lang='grc'><em>......</em></span> <span class='ocrx_word' id='word_1_130' title='bbox 522 2137 700 2170; x_wconf 77' lang='lat' dir='ltr'>(derideret).</span> <span class='ocrx_word' id='word_1_131' title='bbox 712 2158 734 2164; x_wconf 86' lang='lat'>..</span> <span class='ocrx_word' id='word_1_132' title='bbox 746 2137 848 2164; x_wconf 81' lang='lat' dir='ltr'>dnus..</span> <span class='ocrx_word' id='word_1_133' title='bbox 859 2147 934 2164; x_wconf 78' lang='lat' dir='ltr'>mare</span> <span class='ocrx_word' id='word_1_134' title='bbox 952 2147 1046 2172; x_wconf 79' lang='lat' dir='ltr'>semp.</span> <span class='ocrx_word' id='word_1_135' title='bbox 1059 2147 1072 2164; x_wconf 83' lang='lat' dir='ltr'>r</span> 
     </span>
    </p>
   </div>
   <div class='ocr_carea' id='block_1_12' title="bbox 1554 279 1596 2478">
    <p class='ocr_par' dir='ltr' id='par_1_12' title="bbox 1554 279 1596 2478">
     <span class='ocr_line' id='line_1_29' title="bbox 1554 279 1596 2478; baseline 0 0"><span class='ocrx_word' id='word_1_136' title='bbox 1554 279 1596 2478; x_wconf 95' lang='lat' dir='ltr'> </span> 
     </span>
    </p>
   </div>
  </div>
 </body>
</html>
