1596 2478
163 196 193 227 V,
212 198 236 229 2,
257 197 364 229 116—3,
386 197 416 222 12
638 194 818 222 Menaechmi.
1217 193 1278 222 219

163 291 214 322 Me.
238 290 332 322 iubes
355 290 462 322 facere
486 292 630 330 inpetum
657 290 688 320 in
713 300 801 325 euin,
831 289 885 328 qui
915 287 964 319 hic
993 290 1073 324 stat,
1104 290 1202 327 atquc
1227 296 1278 316 oc-

642 336 646 339 *
875 343 992 373 cidere.
1228 349 1279 373 655

163 398 223 430 Sed
248 399 321 439 quis
345 399 397 430 hic
421 402 478 435 est,
505 400 559 439 qui
586 409 633 429 ine
658 397 775 437 capillo
799 397 874 428 hinc
899 397 938 427 de
964 406 1060 427 curru
1085 395 1228 435 deripit?

162 453 324 494 Inperium
348 457 383 484 tu
407 452 498 483 deum
523 453 672 483 demutas
698 457 795 492 atque
821 451 941 481 dictum
967 449 1145 491 Apollinis?

654 528 778 560 Senex

162 584 209 615 Eu
234 583 342 615 hercle
367 583 514 615 morbum
539 583 686 614 acutum!
734 582 782 619 Di,
806 585 952 613 nostram
976 581 1087 612 fidem!

161 637 219 669 Uel
243 637 304 676 hic,
329 639 383 679 qui
407 638 538 675 insanit,
562 648 659 678 quam
684 636 790 668 ualuit
814 636 911 676 paulo
935 635 1040 676 prius!

160 692 197 723 Ei
222 692 398 733 derepente
421 695 533 723 tantus
558 691 688 722 morbus
712 689 834 721 incidit.
1228 697 1279 722 360

161 746 217 778 Ibo
241 750 340 787 atque
363 756 524 778 arcessam
549 745 710 777 medicum
734 745 808 782 iam,
833 747 988 784 quantum
1015 747 1131 784 potest.

578 822 858 854 Menaechmus

160 878 270 908 Iamne
294 878 347 908 isti
373 877 532 913 abierunt,
558 887 690 917 quaeso,
714 887 752 908 ex
777 880 954 915 conspectu
979 887 1059 913 meo,

159 931 220 969 Qui
246 941 294 962 me
318 932 350 962 ui
375 936 502 971 cogunt,
525 935 561 962 ut
584 931 715 962 ualidus
739 930 924 962 insaniam?

160 984 244 1022 Quid
268 995 361 1016 cesso
385 985 476 1016 abire
500 985 543 1016 ad
566 996 693 1023 nauem,
718 985 792 1016 dum
817 984 910 1015 saluo
934 984 1033 1015 licet?

159 1039 290 1080 Uosque
314 1039 418 1071 omnis
441 1049 573 1080 quaeso,
597 1040 624 1070 si
649 1050 746 1070 senex
770 1039 946 1076 reuenerit‚
1226 1046 1276 1071 865

159 1093 205 1125 Ne
229 1104 279 1124 me
302 1094 463 1130 indicetis‚
488 1104 552 1134 qua
576 1092 686 1133 platea
709 1093 783 1124 hinc
807 1092 999 1132 aufugerim.

648 1427 788 1459 SENEX

160 1522 277 1554 Lumbi
301 1522 454 1560 sedendo,
478 1522 561 1553 oculi
585 1521 762 1562 spectando
787 1522 910 1560 dolent,

158 1577 319 1608 Manendo
343 1576 512 1614 medicum,
537 1576 612 1608 dum
636 1586 669 1607 se
693 1587 732 1607 ex
755 1586 852 1617 opere
876 1577 1022 1617 recipiat.

159 1631 298 1663 Odiosus
322 1631 453 1662 tandem
476 1631 531 1662 uix
555 1631 596 1662 ab
620 1631 762 1670 aegrotis
786 1631 892 1669 uenit;

158 1686 213 1717 Ait
236 1696 270 1717 se
295 1685 459 1725 obligasse
484 1695 558 1716 crus
581 1684 720 1716 fractum
745 1684 946 1725 Aesculapio,
1227 1694 1277 1718 370

158 1740 303 1781 Apollini
326 1744 435 1771 autem
459 1739 638 1771 brachium.
685 1739 776 1770 Nunc
802 1739 920 1780 cogito,

158 1794 273 1826 Utrum
296 1805 347 1826 me
371 1794 477 1825 dicam
501 1794 620 1825 ducere
644 1793 806 1824 medicum
831 1803 871 1824 an
895 1793 1034 1825 fabrum.

158 1850 265 1889 Atque
289 1858 401 1879 eccum
424 1848 560 1887 incedit3
584 1850 693 1879 mouet
715 1847 920 1879 formicinum
943 1847 1089 1887 gradum.

224 1968 273 1993 855
292 1967 337 1993 hie
356 1975 398 1993 om
468 1968 518 1992 357
537 1971 614 1992 tuum
634 1967 761 1992 demutat
821 1967 957 2000 apollonis
978 1966 999 1993 C
1056 1967 1106 1993 858
1125 1967 1166 1993 Ει)
1188 1969 1209 1993 G

158 2018 251 2036 acrem
271 2018 303 2036 ac
322 2009 421 2036 durum
491 2009 545 2035 fide
566 2010 587 2036 U
658 2011 705 2036 861
728 2009 799 2035 Eibo
821 2009 843 2036 C
909 2018 1048 2035 accersam
1122 2011 1173 2035 862
1191 2010 1277 2036 Novae

157 2060 243 2078 scenae
260 2052 371 2078 initium
388 2052 427 2083 fit.
447 2053 636 2078 Meuaechmus
654 2053 727 2078 idem
739 2052 766 2084 Ο,
786 2051 1015 2078 MENECHMUS
1035 2051 1134 2077 IDEM,
1155 2052 1275 2078 SENEX

158 2095 250 2120 IDEM
269 2094 296 2121 B
354 2095 405 2120 866
423 2094 457 2120 Ni
515 2095 565 2121 867
584 2096 771 2128 exspectando
830 2096 878 2120 371
899 2095 1033 2128 nuncgito
1053 2095 1074 2120 G
1125 2095 1174 2121 873
1193 2104 1276 2122 moue

157 2137 225 2164 Post
242 2138 292 2164 373
310 2137 484 2164 Adulescens
503 2139 641 2164 messenio
659 2137 687 2164 Β

1576 0 1596 142 -ᾉθιωέ
