<?xml version="1.0" encoding="UTF-8"?>
<!DOCTYPE html PUBLIC "-//W3C//DTD XHTML 1.0 Transitional//EN"
    "http://www.w3.org/TR/xhtml1/DTD/xhtml1-transitional.dtd">
<html xmlns="http://www.w3.org/1999/xhtml" xml:lang="en" lang="en">
 <head>
  <title>
</title>
<meta http-equiv="Content-Type" content="text/html;charset=utf-8" />
  <meta name='ocr-system' content='tesseract 3.04.00' />
  <meta name='ocr-capabilities' content='ocr_page ocr_carea ocr_par ocr_line ocrx_word'/>
</head>
<body>
  <div class='ocr_page' id='page_1' title='image "./comoediaerecensu03plauuoft_0280.png"; bbox 0 0 1596 2478; ppageno 0'>
   <div class='ocr_carea' id='block_1_1' title="bbox 305 154 1428 187">
    <p class='ocr_par' dir='ltr' id='par_1_1' title="bbox 305 154 1428 187">
     <span class='ocr_line' id='line_1_1' title="bbox 305 154 1428 187; baseline 0.003 -8"><span class='ocrx_word' id='word_1_1' title='bbox 305 157 344 187; x_wconf 77' lang='lat'>62</span> <span class='ocrx_word' id='word_1_2' title='bbox 815 154 908 181; x_wconf 73' lang='lat' dir='ltr'>Plauti</span> <span class='ocrx_word' id='word_1_3' title='bbox 1231 154 1263 186; x_wconf 77' lang='lat' dir='ltr'>V.</span> <span class='ocrx_word' id='word_1_4' title='bbox 1282 156 1307 187; x_wconf 80' lang='lat'>2,</span> <span class='ocrx_word' id='word_1_5' title='bbox 1326 156 1428 182; x_wconf 81' lang='lat'>54-62</span> 
     </span>
    </p>
   </div>
   <div class='ocr_carea' id='block_1_2' title="bbox 303 249 1427 344">
    <p class='ocr_par' dir='ltr' id='par_1_2' title="bbox 303 249 1427 344">
     <span class='ocr_line' id='line_1_2' title="bbox 756 249 981 289; baseline 0.004 -9"><span class='ocrx_word' id='word_1_6' title='bbox 756 249 981 289; x_wconf 83' lang='lat' dir='ltr'>Apoecides</span> 
     </span>
     <span class='ocr_line' id='line_1_3' title="bbox 303 301 1427 344; baseline 0.002 -10"><span class='ocrx_word' id='word_1_7' title='bbox 303 302 449 341; x_wconf 83' lang='lat' dir='ltr'><strong>Quamne</strong></span> <span class='ocrx_word' id='word_1_8' title='bbox 472 301 568 334; x_wconf 86' lang='lat' dir='ltr'>hodie</span> <span class='ocrx_word' id='word_1_9' title='bbox 592 312 650 343; x_wconf 87' lang='lat' dir='ltr'>per</span> <span class='ocrx_word' id='word_1_10' title='bbox 673 302 786 334; x_wconf 87' lang='lat' dir='ltr'>urbem</span> <span class='ocrx_word' id='word_1_11' title='bbox 810 306 947 343; x_wconf 82' lang='lat' dir='ltr'>uterque</span> <span class='ocrx_word' id='word_1_12' title='bbox 971 312 1081 334; x_wconf 87' lang='lat' dir='ltr'>sumus</span> <span class='ocrx_word' id='word_1_13' title='bbox 1105 301 1225 335; x_wconf 85' lang='lat' dir='ltr'>defessi</span> <span class='ocrx_word' id='word_1_14' title='bbox 1244 303 1427 344; x_wconf 79' lang='lat' dir='ltr'>quaerere?</span> 
     </span>
    </p>
   </div>
   <div class='ocr_carea' id='block_1_3' title="bbox 301 377 1234 473">
    <p class='ocr_par' dir='ltr' id='par_1_3' title="bbox 301 377 1234 473">
     <span class='ocr_line' id='line_1_4' title="bbox 763 377 959 419; baseline 0 -9"><span class='ocrx_word' id='word_1_15' title='bbox 763 377 959 419; x_wconf 84' lang='lat' dir='ltr'>Epidicus</span> 
     </span>
     <span class='ocr_line' id='line_1_5' title="bbox 301 431 1234 473; baseline 0 -9"><span class='ocrx_word' id='word_1_16' title='bbox 301 432 370 473; x_wconf 88' lang='lat' dir='ltr'>Ego</span> <span class='ocrx_word' id='word_1_17' title='bbox 395 443 466 464; x_wconf 91' lang='lat' dir='ltr'>sum</span> <span class='ocrx_word' id='word_1_18' title='bbox 490 431 636 464; x_wconf 87' lang='lat' dir='ltr'>defessus</span> <span class='ocrx_word' id='word_1_19' title='bbox 660 433 813 473; x_wconf 82' lang='lat' dir='ltr'>reperire,</span> <span class='ocrx_word' id='word_1_20' title='bbox 837 443 897 463; x_wconf 86' lang='lat' dir='ltr'>uos</span> <span class='ocrx_word' id='word_1_21' title='bbox 922 432 1042 464; x_wconf 82' lang='lat' dir='ltr'>defessi</span> <span class='ocrx_word' id='word_1_22' title='bbox 1066 442 1234 473; x_wconf 80' lang='lat' dir='ltr'>quaerere.</span> 
     </span>
    </p>
   </div>
   <div class='ocr_carea' id='block_1_4' title="bbox 301 507 1423 654">
    <p class='ocr_par' dir='ltr' id='par_1_4' title="bbox 301 507 1423 654">
     <span class='ocr_line' id='line_1_6' title="bbox 734 507 987 549; baseline 0 -9"><span class='ocrx_word' id='word_1_23' title='bbox 734 507 987 549; x_wconf 81' lang='lat' dir='ltr'>Periphanes</span> 
     </span>
     <span class='ocr_line' id='line_1_7' title="bbox 302 561 1325 604; baseline 0 -10"><span class='ocrx_word' id='word_1_24' title='bbox 302 562 388 601; x_wconf 84' lang='lat' dir='ltr'><strong>Quid</strong></span> <span class='ocrx_word' id='word_1_25' title='bbox 410 563 467 594; x_wconf 85' lang='lat' dir='ltr'>isti</span> <span class='ocrx_word' id='word_1_26' title='bbox 490 563 592 594; x_wconf 74' lang='lat' dir='ltr'>oratis</span> <span class='ocrx_word' id='word_1_27' title='bbox 616 572 713 603; x_wconf 87' lang='lat' dir='ltr'>opere</span> <span class='ocrx_word' id='word_1_28' title='bbox 738 562 854 594; x_wconf 80' lang='lat' dir='ltr'>tanto?</span> <span class='ocrx_word' id='word_1_29' title='bbox 901 561 956 594; x_wconf 73' lang='lat' dir='ltr'>Sic</span> <span class='ocrx_word' id='word_1_30' title='bbox 980 563 1138 594; x_wconf 87' lang='lat' dir='ltr'>meruisse</span> <span class='ocrx_word' id='word_1_31' title='bbox 1161 562 1325 604; x_wconf 84' lang='lat' dir='ltr'>intellego,</span> 
     </span>
     <span class='ocr_line' id='line_1_8' title="bbox 301 614 1423 654; baseline -0.001 -6"><span class='ocrx_word' id='word_1_32' title='bbox 301 615 345 648; x_wconf 79' lang='lat' dir='ltr'>Ut</span> <span class='ocrx_word' id='word_1_33' title='bbox 366 616 464 648; x_wconf 78' lang='lat' dir='ltr'>liceat</span> <span class='ocrx_word' id='word_1_34' title='bbox 481 616 596 648; x_wconf 85' lang='lat' dir='ltr'>merito</span> <span class='ocrx_word' id='word_1_35' title='bbox 616 616 710 648; x_wconf 87' lang='lat' dir='ltr'>huius</span> <span class='ocrx_word' id='word_1_36' title='bbox 730 616 848 648; x_wconf 81' lang='lat' dir='ltr'>facere.</span> <span class='ocrx_word' id='word_1_37' title='bbox 884 614 972 647; x_wconf 90' lang='lat' dir='ltr'>Cedo</span> <span class='ocrx_word' id='word_1_38' title='bbox 993 619 1038 654; x_wconf 79' lang='lat' dir='ltr'>tu,</span> <span class='ocrx_word' id='word_1_39' title='bbox 1057 619 1095 648; x_wconf 81' lang='lat' dir='ltr'>ut</span> <span class='ocrx_word' id='word_1_40' title='bbox 1111 615 1279 648; x_wconf 83' lang='lat' dir='ltr'>exsoluam</span> <span class='ocrx_word' id='word_1_41' title='bbox 1299 627 1423 649; x_wconf 82' lang='lat' dir='ltr'>manus.</span> 
     </span>
    </p>
   </div>
   <div class='ocr_carea' id='block_1_5' title="bbox 301 695 987 894">
    <p class='ocr_par' dir='ltr' id='par_1_5' title="bbox 301 695 987 894">
     <span class='ocr_line' id='line_1_9' title="bbox 762 695 959 736; baseline 0.005 -10"><span class='ocrx_word' id='word_1_42' title='bbox 762 695 788 726; x_wconf 91' lang='lat' dir='ltr'>E</span> <span class='ocrx_word' id='word_1_43' title='bbox 799 695 864 736; x_wconf 89' lang='lat' dir='ltr'>pid</span> <span class='ocrx_word' id='word_1_44' title='bbox 873 695 882 726; x_wconf 93' lang='lat' dir='ltr'>i</span> <span class='ocrx_word' id='word_1_45' title='bbox 891 705 935 726; x_wconf 92' lang='lat' dir='ltr'>cu</span> <span class='ocrx_word' id='word_1_46' title='bbox 944 705 959 727; x_wconf 87' lang='lat' dir='ltr'>s</span> 
     </span>
     <span class='ocr_line' id='line_1_10' title="bbox 301 737 504 778; baseline 0 -8"><span class='ocrx_word' id='word_1_47' title='bbox 301 737 349 770; x_wconf 84' lang='lat' dir='ltr'>Ne</span> <span class='ocrx_word' id='word_1_48' title='bbox 373 739 504 778; x_wconf 83' lang='lat' dir='ltr'>attigas.</span> 
     </span>
     <span class='ocr_line' id='line_1_11' title="bbox 733 808 987 849; baseline 0 -9"><span class='ocrx_word' id='word_1_49' title='bbox 733 808 758 840; x_wconf 93' lang='lat' dir='ltr'>P</span> <span class='ocrx_word' id='word_1_50' title='bbox 767 808 908 849; x_wconf 83' lang='lat' dir='ltr'>eripha</span> <span class='ocrx_word' id='word_1_51' title='bbox 918 819 938 840; x_wconf 89' lang='lat' dir='ltr'>n</span> <span class='ocrx_word' id='word_1_52' title='bbox 947 819 964 841; x_wconf 90' lang='lat' dir='ltr'>e</span> <span class='ocrx_word' id='word_1_53' title='bbox 973 818 987 840; x_wconf 89' lang='lat' dir='ltr'>s</span> 
     </span>
     <span class='ocr_line' id='line_1_12' title="bbox 527 862 783 894; baseline -0.004 0"><span class='ocrx_word' id='word_1_54' title='bbox 527 862 671 894; x_wconf 83' lang='lat' dir='ltr'>Ostende</span> <span class='ocrx_word' id='word_1_55' title='bbox 694 872 783 894; x_wconf 88' lang='lat' dir='ltr'>uero.</span> 
     </span>
    </p>
   </div>
   <div class='ocr_carea' id='block_1_6' title="bbox 762 932 956 1018">
    <p class='ocr_par' dir='ltr' id='par_1_6' title="bbox 762 932 956 1018">
     <span class='ocr_line' id='line_1_13' title="bbox 762 932 956 973; baseline 0 -9"><span class='ocrx_word' id='word_1_56' title='bbox 762 932 956 973; x_wconf 85' lang='lat' dir='ltr'>Epidicus</span> 
     </span>
     <span class='ocr_line' id='line_1_14' title="bbox 833 986 927 1018; baseline 0.011 -1"><span class='ocrx_word' id='word_1_57' title='bbox 833 986 927 1018; x_wconf 88' lang='lat' dir='ltr'>Nolo.</span> 
     </span>
    </p>
   </div>
   <div class='ocr_carea' id='block_1_7' title="bbox 736 1057 1421 1151">
    <p class='ocr_par' dir='ltr' id='par_1_7' title="bbox 736 1057 1421 1151">
     <span class='ocr_line' id='line_1_15' title="bbox 736 1057 986 1099; baseline 0 -10"><span class='ocrx_word' id='word_1_58' title='bbox 736 1057 986 1099; x_wconf 83' lang='lat' dir='ltr'>Periphanes</span> 
     </span>
     <span class='ocr_line' id='line_1_16' title="bbox 999 1110 1421 1151; baseline 0.009 -9"><span class='ocrx_word' id='word_1_59' title='bbox 999 1111 1070 1143; x_wconf 87' lang='lat' dir='ltr'>Non</span> <span class='ocrx_word' id='word_1_60' title='bbox 1094 1121 1233 1151; x_wconf 82' lang='lat' dir='ltr'>aequom</span> <span class='ocrx_word' id='word_1_61' title='bbox 1256 1110 1345 1143; x_wconf 81' lang='lat' dir='ltr'>facis.</span> <span class='ocrx_word' id='word_1_62' title='bbox 1371 1120 1421 1146; x_wconf 83' lang='lat'>721</span> 
     </span>
    </p>
   </div>
   <div class='ocr_carea' id='block_1_8' title="bbox 300 1182 1427 1322">
    <p class='ocr_par' dir='ltr' id='par_1_8' title="bbox 300 1182 1427 1322">
     <span class='ocr_line' id='line_1_17' title="bbox 763 1182 962 1223; baseline 0 -9"><span class='ocrx_word' id='word_1_63' title='bbox 763 1182 962 1223; x_wconf 89' lang='lat' dir='ltr'>Epidicus</span> 
     </span>
     <span class='ocr_line' id='line_1_18' title="bbox 300 1235 1427 1278; baseline -0.001 -9"><span class='ocrx_word' id='word_1_64' title='bbox 300 1237 484 1278; x_wconf 82' lang='lat' dir='ltr'><strong>Numquam</strong></span> <span class='ocrx_word' id='word_1_65' title='bbox 506 1236 616 1268; x_wconf 86' lang='lat' dir='ltr'>hercle</span> <span class='ocrx_word' id='word_1_66' title='bbox 640 1236 746 1275; x_wconf 86' lang='lat' dir='ltr'>hodie,</span> <span class='ocrx_word' id='word_1_67' title='bbox 769 1236 832 1268; x_wconf 90' lang='lat' dir='ltr'>nisi</span> <span class='ocrx_word' id='word_1_68' title='bbox 857 1235 1054 1276; x_wconf 84' lang='lat' dir='ltr'>supplicium</span> <span class='ocrx_word' id='word_1_69' title='bbox 1078 1235 1158 1266; x_wconf 86' lang='lat' dir='ltr'>mihi</span> <span class='ocrx_word' id='word_1_70' title='bbox 1179 1235 1248 1274; x_wconf 82' lang='lat' dir='ltr'>das,</span> <span class='ocrx_word' id='word_1_71' title='bbox 1273 1246 1324 1267; x_wconf 89' lang='lat' dir='ltr'>me</span> <span class='ocrx_word' id='word_1_72' title='bbox 1344 1236 1427 1268; x_wconf 87' lang='lat' dir='ltr'>solui</span> 
     </span>
     <span class='ocr_line' id='line_1_19' title="bbox 1019 1299 1134 1322; baseline -0.009 -1"><span class='ocrx_word' id='word_1_73' title='bbox 1019 1299 1134 1322; x_wconf 80' lang='lat' dir='ltr'>Sinam.</span> 
     </span>
    </p>
   </div>
   <div class='ocr_carea' id='block_1_9' title="bbox 301 1361 1426 1622">
    <p class='ocr_par' dir='ltr' id='par_1_9' title="bbox 301 1361 1426 1622">
     <span class='ocr_line' id='line_1_20' title="bbox 731 1361 989 1401; baseline 0 -9"><span class='ocrx_word' id='word_1_74' title='bbox 731 1361 756 1393; x_wconf 92' lang='lat' dir='ltr'>P</span> <span class='ocrx_word' id='word_1_75' title='bbox 767 1371 783 1392; x_wconf 87' lang='lat' dir='ltr'>e</span> <span class='ocrx_word' id='word_1_76' title='bbox 792 1361 825 1392; x_wconf 91' lang='lat' dir='ltr'>ri</span> <span class='ocrx_word' id='word_1_77' title='bbox 836 1372 856 1401; x_wconf 91' lang='lat' dir='ltr'>p</span> <span class='ocrx_word' id='word_1_78' title='bbox 863 1361 885 1392; x_wconf 85' lang='lat' dir='ltr'>h</span> <span class='ocrx_word' id='word_1_79' title='bbox 893 1371 912 1392; x_wconf 79' lang='lat' dir='ltr'>a</span> <span class='ocrx_word' id='word_1_80' title='bbox 921 1371 940 1392; x_wconf 90' lang='lat' dir='ltr'>n</span> <span class='ocrx_word' id='word_1_81' title='bbox 950 1370 966 1392; x_wconf 88' lang='lat' dir='ltr'>e</span> <span class='ocrx_word' id='word_1_82' title='bbox 975 1371 989 1392; x_wconf 89' lang='lat' dir='ltr'>s</span> 
     </span>
     <span class='ocr_line' id='line_1_21' title="bbox 301 1413 1426 1456; baseline -0.001 -9"><span class='ocrx_word' id='word_1_83' title='bbox 301 1415 478 1456; x_wconf 79' lang='lat' dir='ltr'><strong>Optumum</strong></span> <span class='ocrx_word' id='word_1_84' title='bbox 492 1419 591 1456; x_wconf 84' lang='lat' dir='ltr'>atque</span> <span class='ocrx_word' id='word_1_85' title='bbox 604 1416 848 1456; x_wconf 82' lang='lat' dir='ltr'>aequissumum</span> <span class='ocrx_word' id='word_1_86' title='bbox 860 1424 943 1446; x_wconf 79' lang='lat' dir='ltr'>oras.</span> <span class='ocrx_word' id='word_1_87' title='bbox 979 1414 1108 1451; x_wconf 80' lang='lat' dir='ltr'>Soccos,</span> <span class='ocrx_word' id='word_1_88' title='bbox 1121 1414 1279 1453; x_wconf 81' lang='lat' dir='ltr'>tunicam,</span> <span class='ocrx_word' id='word_1_89' title='bbox 1290 1413 1426 1455; x_wconf 80' lang='lat' dir='ltr'>pallium</span> 
     </span>
     <span class='ocr_line' id='line_1_22' title="bbox 301 1469 491 1502; baseline -0.005 -1"><span class='ocrx_word' id='word_1_90' title='bbox 301 1469 374 1502; x_wconf 87' lang='lat' dir='ltr'>Tibi</span> <span class='ocrx_word' id='word_1_91' title='bbox 397 1469 491 1501; x_wconf 87' lang='lat' dir='ltr'>dabo.</span> 
     </span>
     <span class='ocr_line' id='line_1_23' title="bbox 762 1527 961 1568; baseline 0 -9"><span class='ocrx_word' id='word_1_92' title='bbox 762 1527 788 1559; x_wconf 85' lang='lat' dir='ltr'>E</span> <span class='ocrx_word' id='word_1_93' title='bbox 797 1528 833 1568; x_wconf 88' lang='lat' dir='ltr'>pi</span> <span class='ocrx_word' id='word_1_94' title='bbox 843 1527 862 1558; x_wconf 89' lang='lat' dir='ltr'>d</span> <span class='ocrx_word' id='word_1_95' title='bbox 871 1528 880 1559; x_wconf 91' lang='lat' dir='ltr'>i</span> <span class='ocrx_word' id='word_1_96' title='bbox 889 1537 906 1559; x_wconf 90' lang='lat' dir='ltr'><strong>c</strong></span> <span class='ocrx_word' id='word_1_97' title='bbox 914 1538 935 1559; x_wconf 95' lang='lat' dir='ltr'>u</span> <span class='ocrx_word' id='word_1_98' title='bbox 946 1538 961 1559; x_wconf 90' lang='lat' dir='ltr'>s</span> 
     </span>
     <span class='ocr_line' id='line_1_24' title="bbox 543 1580 913 1622; baseline -0.003 -9"><span class='ocrx_word' id='word_1_99' title='bbox 543 1580 627 1619; x_wconf 85' lang='lat' dir='ltr'>Quid</span> <span class='ocrx_word' id='word_1_100' title='bbox 651 1581 768 1613; x_wconf 88' lang='lat' dir='ltr'>deinde</span> <span class='ocrx_word' id='word_1_101' title='bbox 794 1581 913 1622; x_wconf 78' lang='lat' dir='ltr'>porro?</span> 
     </span>
    </p>
   </div>
   <div class='ocr_carea' id='block_1_10' title="bbox 731 1652 1178 1738">
    <p class='ocr_par' dir='ltr' id='par_1_10' title="bbox 731 1652 1178 1738">
     <span class='ocr_line' id='line_1_25' title="bbox 731 1652 984 1693; baseline -0.004 -9"><span class='ocrx_word' id='word_1_102' title='bbox 731 1652 819 1684; x_wconf 91' lang='lat' dir='ltr'>Peri</span> <span class='ocrx_word' id='word_1_103' title='bbox 832 1652 984 1693; x_wconf 82' lang='lat' dir='ltr'>phanes</span> 
     </span>
     <span class='ocr_line' id='line_1_26' title="bbox 964 1705 1178 1738; baseline 0 -1"><span class='ocrx_word' id='word_1_104' title='bbox 964 1705 1178 1738; x_wconf 78' lang='lat' dir='ltr'>Libertatem.</span> 
     </span>
    </p>
   </div>
   <div class='ocr_carea' id='block_1_11' title="bbox 764 1764 1424 1848">
    <p class='ocr_par' dir='ltr' id='par_1_11' title="bbox 764 1764 1424 1848">
     <span class='ocr_line' id='line_1_27' title="bbox 764 1764 958 1806; baseline 0 -10"><span class='ocrx_word' id='word_1_105' title='bbox 764 1764 958 1806; x_wconf 85' lang='lat' dir='ltr'>Epidicus</span> 
     </span>
     <span class='ocr_line' id='line_1_28' title="bbox 1243 1809 1424 1848; baseline 0.006 -10"><span class='ocrx_word' id='word_1_106' title='bbox 1243 1809 1285 1839; x_wconf 76' lang='lat' dir='ltr'>At</span> <span class='ocrx_word' id='word_1_107' title='bbox 1307 1811 1424 1848; x_wconf 73' lang='lat' dir='ltr'>postea</span> 
     </span>
    </p>
   </div>
   <div class='ocr_carea' id='block_1_12' title="bbox 299 1861 994 1904">
    <p class='ocr_par' dir='ltr' id='par_1_12' title="bbox 299 1861 994 1904">
     <span class='ocr_line' id='line_1_29' title="bbox 299 1861 994 1904; baseline -0.001 -11"><span class='ocrx_word' id='word_1_108' title='bbox 299 1861 392 1894; x_wconf 93' lang='lat' dir='ltr'>Nouo</span> <span class='ocrx_word' id='word_1_109' title='bbox 416 1861 535 1894; x_wconf 77' lang='lat' dir='ltr'>liberto</span> <span class='ocrx_word' id='word_1_110' title='bbox 559 1872 638 1903; x_wconf 80' lang='lat' dir='ltr'>opus</span> <span class='ocrx_word' id='word_1_111' title='bbox 662 1865 722 1901; x_wconf 81' lang='lat' dir='ltr'>est,</span> <span class='ocrx_word' id='word_1_112' title='bbox 746 1861 835 1903; x_wconf 89' lang='lat' dir='ltr'>quod</span> <span class='ocrx_word' id='word_1_113' title='bbox 860 1865 994 1904; x_wconf 79' lang='lat' dir='ltr'>pappet.</span> 
     </span>
    </p>
   </div>
   <div class='ocr_carea' id='block_1_13' title="bbox 736 1932 1423 2026">
    <p class='ocr_par' dir='ltr' id='par_1_13' title="bbox 736 1932 1423 2026">
     <span class='ocr_line' id='line_1_30' title="bbox 736 1932 986 1973; baseline 0 -10"><span class='ocrx_word' id='word_1_114' title='bbox 736 1932 759 1963; x_wconf 95' lang='lat' dir='ltr'>P</span> <span class='ocrx_word' id='word_1_115' title='bbox 769 1943 808 1964; x_wconf 76' lang='lat' dir='ltr'>ei·</span> <span class='ocrx_word' id='word_1_116' title='bbox 816 1933 825 1963; x_wconf 91' lang='lat' dir='ltr'>i</span> <span class='ocrx_word' id='word_1_117' title='bbox 834 1943 852 1973; x_wconf 89' lang='lat' dir='ltr'><strong>p</strong></span> <span class='ocrx_word' id='word_1_118' title='bbox 862 1932 881 1963; x_wconf 89' lang='lat' dir='ltr'>h</span> <span class='ocrx_word' id='word_1_119' title='bbox 891 1943 908 1963; x_wconf 88' lang='lat' dir='ltr'>a</span> <span class='ocrx_word' id='word_1_120' title='bbox 917 1943 936 1963; x_wconf 90' lang='lat' dir='ltr'>n</span> <span class='ocrx_word' id='word_1_121' title='bbox 947 1942 963 1963; x_wconf 87' lang='lat' dir='ltr'>e</span> <span class='ocrx_word' id='word_1_122' title='bbox 971 1942 986 1964; x_wconf 88' lang='lat' dir='ltr'>s</span> 
     </span>
     <span class='ocr_line' id='line_1_31' title="bbox 865 1984 1423 2026; baseline 0.004 -9"><span class='ocrx_word' id='word_1_123' title='bbox 865 1985 1021 2025; x_wconf 80' lang='lat' dir='ltr'>Dabitur3</span> <span class='ocrx_word' id='word_1_124' title='bbox 1046 1984 1210 2026; x_wconf 78' lang='lat' dir='ltr'>praebebo</span> <span class='ocrx_word' id='word_1_125' title='bbox 1234 1984 1352 2018; x_wconf 85' lang='lat' dir='ltr'>cibum.</span> <span class='ocrx_word' id='word_1_126' title='bbox 1372 1993 1423 2019; x_wconf 77' lang='lat'>725</span> 
     </span>
    </p>
   </div>
   <div class='ocr_carea' id='block_1_14' title="bbox 366 2086 964 2114">
    <p class='ocr_par' dir='ltr' id='par_1_14' title="bbox 366 2086 964 2114">
     <span class='ocr_line' id='line_1_32' title="bbox 366 2086 964 2114; baseline 0 -2"><span class='ocrx_word' id='word_1_127' title='bbox 366 2087 416 2112; x_wconf 80' lang='lat'>719</span> <span class='ocrx_word' id='word_1_128' title='bbox 435 2087 494 2113; x_wconf 80' lang='lat' dir='ltr'>istis</span> <span class='ocrx_word' id='word_1_129' title='bbox 513 2086 540 2112; x_wconf 87' lang='lat' dir='ltr'><em>B</em></span> <span class='ocrx_word' id='word_1_130' title='bbox 611 2086 656 2113; x_wconf 79' lang='lat' dir='ltr'>sio</span> <span class='ocrx_word' id='word_1_131' title='bbox 675 2095 725 2114; x_wconf 88' lang='lat' dir='ltr'>om.</span> <span class='ocrx_word' id='word_1_132' title='bbox 796 2087 843 2112; x_wconf 86' lang='lat'>721</span> <span class='ocrx_word' id='word_1_133' title='bbox 865 2087 964 2113; x_wconf 75' lang='lat' dir='ltr'>atticas</span> 
     </span>
    </p>
   </div>
   <div class='ocr_carea' id='block_1_15' title="bbox 1516 0 1596 2478">
    <p class='ocr_par' dir='ltr' id='par_1_15' title="bbox 1516 0 1596 2478">
     <span class='ocr_line' id='line_1_33' title="bbox 1516 0 1596 2478; baseline 0 0"><span class='ocrx_word' id='word_1_134' title='bbox 1516 0 1596 2478; x_wconf 95' lang='lat' dir='ltr'> </span> 
     </span>
    </p>
   </div>
  </div>
 </body>
</html>
