1596 2478
142 182 191 213 ΙΙΙ,
214 184 233 214 1,
253 181 354 208 86-94
615 180 794 206 Mostellaria.
1198 184 1256 213 109

617 274 789 306 Danista

559 328 578 366 †
602 327 685 365 Quin
709 329 820 366 feram,
844 329 870 359 si
893 328 971 368 quid
996 328 1100 360 datur.

142 449 226 488 Qum
251 449 299 480 ais
323 448 379 479 tu‘>
548 404 858 445 Theopropides

624 507 773 539 Tranio

387 561 471 598 Quid
494 561 568 592 uis‘?

557 631 846 671 Theopropides

609 686 688 724 Quis
711 686 778 717 illic
802 687 870 718 est?
893 687 972 727 quid
996 688 1062 719 illic
1086 689 1190 729 petit?
1209 698 1259 723 605

143 741 227 780 Quid
251 741 503 772 Philolachetem
528 744 662 780 gnatum
687 741 851 780 conpellat
873 751 975 772 meum

142 796 194 828 Sic
219 800 250 827 et
274 796 436 836 praesenti
461 795 521 826 tibi
545 794 624 826 facit
647 795 854 826 conuicium?

143 849 227 888 Quid
251 849 298 880 illi
322 849 480 880 debetur?

624 909 770 941 Tranio

541 963 685 996 Obsecro
710 963 818 995 hercle
841 966 878 1003 te,
901 964 976 995 iube

143 1017 277 1049 Obtrmli
301 1020 470 1055 argentum
494 1017 535 1048 ob
559 1029 595 1050 os
618 1019 754 1058 inpurae
779 1018 903 1049 beluae.

550 1088 855 1130 Theopropides

143 1143 275 1174 Iubeam
298 1144 362 1173 —P

628 1203 772 1236 Tranio

400 1257 478 1288 lube
502 1257 625 1289 homini
649 1262 785 1299 argento
809 1269 845 1289 os
869 1258 1082 1290 uerberarier.
1210 1269 1261 1293 610

613 1329 783 1361 Danista.

144 1383 300 1414 Perfacile
325 1393 383 1422 ego
407 1383 490 1414 ictus
515 1384 680 1424 perpetior
704 1387 886 1424 argenteos.

630 1455 775 1486 Tranio

145 1507 272 1538 Audin?
318 1507 504 1545 Uideturne,
529 1509 663 1540 obsecro
686 1509 806 1546 hercle,
830 1509 975 1543 idoneus.

144 1562 282 1593 Danista
305 1563 360 1603 qui
383 1563 436 1600 sit,
459 1573 561 1602 genus
585 1563 673 1603 quod
696 1563 972 1604 inprobissumum
996 1564 1069 1595 est?

551 1633 856 1676 Theopropides

144 1686 216 1719 Non
240 1698 299 1728 ego
322 1688 407 1719 istuc
430 1698 517 1726 curo,
543 1689 598 1729 qui
622 1689 665 1720 sit
687 1688 738 1720 ille
760 1690 815 1720 aut
835 1689 921 1720 unde
945 1689 1003 1727 sit;

145 1741 181 1772 Id
206 1741 280 1772 uolo
303 1741 380 1772 mihi
406 1742 479 1780 diei,
501 1742 534 1773 id
559 1753 609 1773 me
635 1744 717 1774 scire
741 1754 779 1775 ex
802 1745 830 1775 te
853 1746 980 1784 expet0‚

145 1795 237 1834 Quod
260 1795 341 1827 illud
364 1800 536 1836 argentum
560 1799 620 1828 est.

213 1916 262 1941 605
273 1915 336 1942 uis?
348 1915 408 1948 quie
453 1915 526 1948 patit
537 1915 559 1942 Ο
590 1916 640 1942 606
650 1924 743 1942 meum
753 1923 803 1942 om.
839 1916 889 1942 607
899 1915 966 1942 facit
976 1924 1025 1943 om.
1038 1916 1060 1943 0
1102 1917 1226 1943 contium
1236 1917 1263 1943 B

145 1958 195 1984 608
213 1958 239 1984 S.
260 1958 330 1991 Quid
349 1958 392 1984 illi
411 1957 528 1983 debetur
547 1958 664 1984 obsecro
684 1959 775 1985 hercle
794 1959 852 1984 iubi
973 1960 1023 1985 609
1042 1959 1094 1985 Obi
1114 1963 1262 1992 argentum

145 2001 196 2026 610
212 2001 239 2026 iu
251 2001 362 2026 homine
372 2000 405 2033 B,
417 2001 444 2026 in
455 2001 561 2026 homini
573 2001 595 2027 O
645 2004 794 2033 argentoes
806 2001 841 2033 B,
860 2005 1009 2034 argenteos
1021 2002 1043 2027 0
1091 2003 1232 2029 uerbarier
1243 2003 1264 2029 C

145 2043 192 2069 611
212 2044 338 2077 pepetior
357 2042 384 2068 Β
445 2044 563 2072 612,-15
581 2044 708 2077 leyuntur
723 2047 789 2077 post
806 2044 863 2070 618.
921 2045 971 2070 612
990 2044 1081 2071 Audin
1101 2046 1211 2071 uidetur
1228 2046 1262 2077 Β,

147 2085 217 2111 Audi
237 2086 378 2111 inuidetur
395 2085 422 2112 B
549 2087 599 2112 613
622 2087 738 2113 Danista
758 2087 824 2120 quid
844 2088 879 2113 sit
1005 2088 1216 2121 inprobissimus
1236 2088 1262 2114 B

147 2128 195 2153 614
214 2128 259 2153 ille
277 2132 326 2154 aut
343 2136 394 2154 om.
465 2129 516 2154 615
533 2129 600 2154 mihi
619 2138 660 2156 om
679 2130 701 2156 C
769 2139 803 2155 ex
821 2132 848 2155 te
867 2138 917 2156 om.
