1596 2478
319 155 380 185 336
791 151 962 178 Mostellaria

318 250 422 279 eiectis
440 249 628 278 rescriberet:
656 248 735 284 „TR.
759 248 829 277 Sine
848 258 906 277 me:
930 251 977 278 snt
988 248 1060 287 quid
1072 257 1156 285 agam
1171 249 1240 277 scio.
1275 248 1338 278 ΤΗ.
1357 249 1440 284 Hem,

317 302 388 340 quid
413 301 499 329 modo
524 299 595 328 cet.“
634 314 675 319 —
711 299 780 328 514.
818 296 902 334 Scio,
938 300 1021 335 novi,
1056 301 1182 334 ironice,
1214 300 1250 328 cf.
1275 299 1342 328 Aul.
1367 300 1438 328 426.

317 353 385 382 Ter.
407 352 498 380 Andr.
521 352 592 380 838.
617 366 658 370 —
682 351 758 385 Quid
783 349 896 386 igitur?
920 351 1025 389 inquit.
1050 361 1102 379 cur
1125 361 1221 388 nuper
1243 353 1328 379 tanto
1353 361 1441 389 opere

318 400 502 432 extimuisti?
533 417 572 421 —
604 403 674 430 516.
715 400 751 430 ul
777 399 943 438 occepisti;
979 402 1112 431 videmus
1136 402 1240 430 effectu
1271 412 1329 430 nou
1360 411 1442 430 curu·

319 457 374 484 isso
403 455 481 483 servi
513 453 752 481 admonitionem.
788 467 828 472 —
868 451 954 491 quis,
988 456 1072 490 potos
1095 454 1131 481 cs.
1157 454 1227 481 825.
1263 453 1344 481 Pers.
1370 454 1440 481 286.

319 507 406 535 Truc.
432 506 502 534 323.
528 520 567 524 -
598 506 667 533 517.
697 501 876 539 Herculem,
901 504 1068 536 ἀλεξῖκιικον,
1092 508 1287 532 monstrorum
1311 505 1440 532 omnium

318 558 458 586 victorem
481 556 691 593 hominumque
715 559 902 584 servatorem.
927 570 967 574 —
993 554 1020 583 te
1042 553 1162 583 ἰἠιιοσο.
1199 555 1307 583 Hiatus
1327 554 1441 583 vitandi

319 618 408 637 causa
432 606 578 636 Fleckeis.
607 605 693 642 „ted“
720 607 854 644 scripsit,
886 606 918 634 R.
947 609 994 641 „te
1017 604 1102 643 ego“‚
1130 606 1224 642 Bugg.
1252 606 1345 641 „Mihi
1369 606 1442 634 Her·

319 660 413 688 culem
445 657 581 687 inuoco“.
619 672 657 677 —
693 657 747 686 His
777 658 864 686 dictis
893 667 981 686 senex
1010 657 1134 695 aufugit.
1181 657 1290 686 Tranio
1321 657 1443 686 abeunti

319 711 419 740 omniu
443 710 518 737 mala
541 712 640 748 optat,
671 709 824 737 exsultans
847 709 927 746 quod
952 709 1032 737 fraus
1055 718 1108 736 sun
1131 711 1190 737 tam
1216 708 1330 737 felicem
1354 718 1442 737 even-

319 765 381 790 tum
408 761 553 789 habuerit.
572 776 613 780 —
633 761 703 790 518.
727 757 774 788 Et
795 767 847 797 090
871 756 929 788 tibi
952 760 997 788 ed.
1017 769 1061 797 pr.
1085 774 1127 778 —
1152 761 1221 788 520.
1245 756 1322 788 mali
1344 759 1443 788 Guiet.

323 810 454 848 „malus“
481 812 595 840 Acidal.

404 863 488 899 Quod
522 866 590 901 post
620 863 680 892 haec
708 863 807 900 aliqua
837 862 1020 890 intercidisse
1050 862 1228 890 Ritschelius
1263 862 1442 900 suspicatur,

318 916 465 949 rationes,
499 924 571 952 quas
601 915 628 942 in
658 914 831 952 praefatione
861 923 889 950 p.
914 913 967 941 XV
991 913 1093 947 affert,
1128 914 1230 951 potius
1261 914 1443 942 contrarium

319 966 462 1004 probant3
492 976 546 994 nec
573 966 692 994 maioris
717 965 856 993 momenti
880 967 949 992 sunt
972 973 1037 1002 quae
1060 966 1090 992 in
1115 964 1238 993 eandem
1263 965 1442 993 sententiam

320 1017 496 1056 Spengelius
525 1017 660 1054 disputat
688 1013 756 1051 (Die
785 1015 1064 1052 Acteneintheiiuug
1094 1015 1141 1044 bei
1173 1015 1295 1044 Plautus
1326 1025 1354 1053 p.
1379 1013 1444 1052 42),

320 1070 431 1107 quippe
456 1069 507 1106 qui
531 1076 643 1096 certum
668 1066 817 1105 quoddam
842 1065 970 1094 affirmet
993 1067 1122 1104 quinquo
1146 1070 1265 1095 actuum
1290 1069 1444 1096 metricum

321 1120 439 1148 schema
463 1120 568 1154 fuisse,
598 1119 693 1153 cuius,
719 1119 743 1146 si
767 1127 868 1146 verum
892 1118 1042 1146 fatendum
1068 1121 1126 1153 est,
1150 1128 1186 1146 ne
1210 1127 1300 1146 unum
1325 1118 1443 1156 quidem

322 1171 488 1209 exemplum
520 1179 642 1208 prorsus
673 1172 841 1198 accuratum
871 1168 969 1197 afferri
1004 1170 1110 1206 potuit.
1168 1169 1258 1197 Immo
1292 1169 1347 1198 hoc
1380 1170 1445 1198 loco

322 1223 434 1251 nullum
459 1232 513 1250 nec
536 1222 647 1249 lncunae
671 1230 725 1248 uec
748 1224 831 1248 actus
855 1221 922 1248 novi
946 1220 1133 1248 intervallum
1165 1223 1224 1253 est,
1260 1230 1312 1248 nec
1335 1220 1446 1249 Tranio

322 1274 508 1311 proscenium
533 1272 670 1309 reliquit,
702 1281 790 1309 quum
815 1271 936 1299 advenit
960 1271 1076 1299 danista
1100 1272 1183 1299 fenus
1206 1272 1322 1308 argenti
1346 1274 1446 1309 postu-

322 1324 395 1359 lans,
420 1324 501 1362 quod
525 1322 722 1352 Philolacheti
745 1322 951 1351 commodavit.

410 1376 479 1403 521.
521 1374 646 1403 Danista
679 1374 829 1411 queritur,
863 1373 943 1411 quod
977 1373 1138 1402 difficulter
1171 1376 1325 1410 argeutum
1361 1383 1445 1402 suum

323 1427 444 1454 faenore
463 1426 608 1454 collocare
628 1427 732 1463 possit.
769 1425 931 1461 amentum
947 1420 1070 1459 faenori
1086 1423 1205 1453 videtur
1218 1434 1280 1452 esse
1293 1429 1445 1462 argentum

323 1478 432 1505 faenore
456 1477 674 1511 collocandum,
700 1476 753 1505 sed
778 1475 850 1504 nihil
874 1475 970 1504 simile
993 1475 1063 1504 vidi.
1115 1475 1199 1510 Quod
1224 1475 1257 1504 R.
1281 1477 1447 1513 suspicatus

323 1531 381 1564 est,
409 1528 542 1564 „argenti
571 1526 718 1563 faenori“‚
749 1528 924 1565 reciperem,
956 1528 980 1556 si
1011 1537 1076 1555 cum
1100 1527 1244 1564 proximis
1267 1527 1446 1561 conveniret,

323 1579 374 1607 sed
398 1589 424 1608 v.
451 1580 510 1607 523
535 1589 577 1616 sq.
602 1579 747 1616 queritur,
773 1588 830 1606 non
854 1578 932 1616 quod
956 1579 1049 1606 faenus
1073 1577 1205 1606 debitum
1229 1587 1288 1606 non
1312 1578 1447 1615 recipiat,

323 1630 375 1659 sed
399 1630 478 1668 quod
502 1639 586 1658 nemo
606 1629 762 1667 pecuniam
781 1630 901 1658 faenore
919 1639 1034 1658 sumere
1052 1629 1133 1657 velit.
1147 1643 1188 1648 —
1207 1628 1277 1657 523.
1302 1626 1389 1656 mani
1404 1628 1446 1663 R,

323 1691 350 1709 v.
365 1682 401 1709 ad
421 1682 492 1710 752.
517 1695 558 1699 —
582 1682 653 1709 525.
676 1677 712 1708 in
731 1680 917 1717 perpetuum
939 1677 1074 1715 modum,
1099 1680 1134 1708 οῖ.
1158 1680 1225 1708 143.
1250 1692 1291 1698 —-
1317 1680 1376 1709 526
1401 1689 1444 1717 sq.

324 1732 458 1760 Lacunas
486 1731 637 1770 supplevit
667 1731 780 1760 Camer.
812 1734 907 1767 recte,
943 1733 998 1759 nisi
1028 1731 1108 1768 quod
1143 1728 1275 1764 „fenori“
1311 1731 1447 1768 scripsit3

324 1783 472 1811 ablativus
485 1783 657 1820 requiritur,
678 1792 704 1811 v.
721 1783 790 1811 591.
805 1783 875 1810 900.
900 1781 986 1820 Epid.
1003 1783 1057 1817 54;
1082 1782 1219 1819 idemque
1232 1781 1448 1810 restituendum

325 1834 457 1862 Vidulnr.
475 1835 549 1863 190:
577 1834 713 1869 ‚‚minam,
738 1833 830 1868 Quam
850 1843 895 1860 me
913 1834 1036 1862 orauisti
1054 1837 1087 1861 ut
1106 1833 1204 1861 durem
1224 1832 1280 1860 tibi
1296 1830 1446 1861 faenore“.

326 1887 402 1914 infru
424 1895 450 1913 v.
479 1885 556 1913 1121
584 1887 613 1913 et
635 1884 695 1913 Cic.
721 1883 802 1912 Verr.
828 1884 864 1919 11,
889 1885 938 1920 70,
966 1885 1040 1912 170:
1079 1885 1239 1921 „pecunias
1269 1883 1306 1911 iis
1329 1883 1449 1911 faenore

326 1934 446 1965 dabnt“.
462 1951 500 1955 --
522 1936 592 1964 528.
612 1933 675 1963 nisi
695 1932 771 1973 quid
786 1934 865 1963 qut.
888 1950 924 1954 —
946 1936 1016 1964 529.
1041 1933 1094 1964 Ne
1110 1932 1174 1964 hoc.
1211 1934 1316 1963 Hiatus
1334 1933 1449 1962 vitandi

325 1997 414 2015 causo
426 1987 490 2023 Pyl.
507 1986 567 2023 „Ut
585 1997 621 2015 no
640 1985 724 2022 hoc“‚
744 1985 822 2014 Cam.
839 1985 900 2022 „Ne
920 1986 974 2014 hoc
992 1986 1098 2021 uunc“,
1123 1985 1212 2014 Both.
1227 1985 1310 2021 „Hoc
1328 1984 1394 2013 ns“.
1408 1999 1449 2004 —

327 2039 397 2067 531.
423 2035 638 2066 indaudiuerit
650 2037 736 2067 Both.
752 2047 817 2073 em.,
842 2047 868 2066 v.
883 2037 921 2066 nd
934 2037 1020 2075 capt.
1035 2038 1084 2066 30.
1097 2051 1138 2056 -—
1151 2037 1222 2065 532.
1246 2033 1291 2065 Ei
1302 2036 1336 2065 R.
1351 2036 1449 2065 Tanb-

325 2099 462 2118 mannum
487 2092 614 2117 secutus.
637 2103 673 2109 —
700 2090 770 2118 533.
798 2086 943 2124 „animus
966 2085 1120 2123 conscius,
1144 2087 1201 2116 sibi
1226 2087 1303 2123 mali,
1328 2087 1363 2116 cf.
1378 2087 1448 2117 Sall.
