1561 2473
300 202 363 233 410
776 201 952 228 Menaechmi.

298 298 382 327 navis
404 298 457 333 sit;
492 297 691 326 Menaechmus
721 298 896 336 respondet,
930 299 1016 336 quasi
1045 299 1288 337 interrogaverit,
1324 299 1422 337 qualis

299 352 377 378 esset
399 350 493 378 navis.
525 363 567 368 -
597 349 666 378 396.
697 347 813 384 tritam,
842 359 906 379 usu.
951 347 1059 386 fixam,
1083 350 1174 379 clavis
1198 352 1250 379 aut
1266 347 1364 387 palis,
1388 353 1422 379 ut

299 401 329 429 in
357 401 492 439 proximo
522 409 617 429 versu.
675 399 750 429 Nam
784 411 844 430 non
878 401 973 430 solum
1008 400 1116 430 dicitur
1144 401 1243 439 palum
1273 400 1363 438 figere
1392 402 1422 430 in

298 452 444 489 parietem
465 449 543 488 (Mil.
566 448 660 488 1133)
680 454 732 480 aut
748 452 809 490 pila
827 451 919 488 figere
938 453 968 480 in
985 455 1070 481 scuta
1087 455 1118 480 et
1137 462 1262 490 corpora
1285 451 1364 488 (Liv.
1383 452 1420 487 X,

300 503 349 538 29,
369 503 397 531 7.
419 499 481 539 aL),
505 501 556 530 sed
577 503 668 530 etiam
690 503 823 538 „animus
841 502 916 532 fixus
935 503 1020 532 clauo
1039 502 1212 541 Cupidinis“
1236 499 1330 540 (Asin.
1347 500 1420 538 155)

298 556 327 582 et
361 553 548 582 adversarios
581 552 673 590 figere
709 554 872 583 maledictis
905 557 957 582 aut
984 554 1052 582 telis
1081 551 1155 590 (Cic.
1180 553 1262 583 Orat.
1289 555 1346 589 26,
1370 555 1419 583 89.

298 604 365 633 Not.
390 604 478 633 Deor.
502 603 524 640 Ι,
551 605 601 642 34,
625 605 675 633 93.
710 603 782 634 Caes.
796 605 829 633 B.
842 605 926 634 Alex.
942 606 990 634 30.
1005 602 1068 642 al.).
1105 604 1138 633 R.
1164 607 1193 633 et
1210 605 1259 634 Br.
1282 603 1418 641 „fissam“

297 654 527 691 substituerunt,
541 665 648 693 parum
661 659 739 693 apte.
753 671 794 676 —
808 663 979 691 excussam,
993 657 1011 685 i.
1024 666 1049 684 e.
1063 665 1243 694 percussam,
1262 659 1296 684 ut
1307 656 1420 685 Colum.

296 706 334 742 11,
354 708 402 742 21,
423 707 456 735 4:
486 709 642 742 „excutere
666 707 762 745 spicas
781 705 926 743 baculis“;
949 707 1025 735 Plin.
1051 706 1086 735 Η.
1106 706 1142 735 N.
1162 707 1270 742 XVIII,
1297 709 1344 742 11,
1369 708 1419 743 29,

300 759 377 786 112;
404 759 552 794 „excussis
570 758 678 786 tunicis
699 755 817 795 (zeae)“.
874 758 985 787 Ritsch.
1010 768 1075 787 cum
1099 757 1206 794 Scalig.
1234 754 1420 793 „excusam“.

297 809 334 837 ab
368 808 558 844 excudendo,
591 809 671 846 quod
695 808 845 838 difficilius
869 809 1014 846 intelligo.
1053 824 1089 828 —
1127 810 1198 838 397.
1231 806 1329 846 Quasi
1352 809 1419 838 edd.

295 857 458 897 pellionist
479 860 512 888 R.
537 871 592 889 em.
638 857 729 890 Palis
758 862 824 889 tota
853 861 936 889 navis
965 861 1075 889 referta
1098 860 1222 896 dicitur,
1246 862 1280 888 ut
1303 859 1421 890 officina

294 908 459 950 pellionis,
502 911 553 940 ubi
587 921 623 940 ex
661 912 738 950 palis
773 913 850 949 aptae
884 913 953 940 sunt
986 911 1078 949 pelles
1112 915 1173 940 tam
1207 911 1420 949 frequentibus,

297 966 331 992 ut
358 973 450 1001 parva
478 973 580 992 eorum
609 962 768 992 intervalla
803 963 870 991 siut.
906 977 948 982 -—
983 964 1053 992 398.
1087 970 1135 991 me
1166 963 1233 992 add.
1263 962 1418 992 Gruterus-

296 1014 441 1043 Fleckeis.
457 1012 606 1051 „desiste“
622 1014 734 1043 maluit.
748 1028 789 1034 —
804 1015 874 1043 399.
898 1013 970 1043 Post
985 1012 1112 1051 „alium“
1128 1014 1227 1043 hiatus
1245 1015 1275 1042 in
1289 1014 1420 1047 ἀίει-θεὶς

296 1065 433 1094 Mueller.
461 1064 565 1101 „hinc“
591 1065 733 1102 addebat3
769 1065 820 1094 R:
858 1065 952 1101 „Nam
975 1066 1076 1095 nescio
1099 1063 1224 1104 quem“;
1257 1065 1346 1094 simul
1369 1075 1418 1094 ex-

296 1116 403 1146 cidisse
432 1119 500 1146 ante
529 1117 590 1146 haec
620 1127 739 1146 versum
767 1117 895 1154 putavit.
952 1116 982 1145 Si
1005 1118 1072 1154 quis
1094 1117 1125 1145 in
1151 1117 1268 1152 „nescio
1291 1114 1376 1154 quis“
1403 1127 1420 1146 o

296 1170 400 1206 utique
434 1167 524 1197 breve
558 1178 622 1197 esse
655 1171 788 1204 censeat,
822 1169 937 1197 cautius
971 1178 1036 1197 cum
1065 1167 1268 1197 Studemundo
1297 1168 1381 1197 Stud.
1406 1167 1419 1196 1

295 1230 324 1258 p.
340 1220 400 1248 230
419 1219 543 1248 scribat:
572 1219 697 1255 „Nescio
718 1229 805 1257 quem
823 1222 864 1255 tu,
890 1218 1027 1248 mulier“.
1042 1234 1083 1238 —
1100 1220 1161 1248 400
1182 1229 1247 1256 sqq.
1272 1219 1420 1255 Erotium,

297 1281 356 1309 quo
386 1281 418 1299 se
447 1271 556 1309 probet
578 1270 789 1300 Menaechmum
819 1271 951 1307 novisse,
986 1273 1102 1308 patrem
1136 1272 1324 1308 patriamque
1357 1270 1422 1299 eius

296 1322 430 1351 nominat
452 1321 667 1359 historiamque
691 1324 779 1351 etiam
803 1323 908 1361 patriae
931 1323 993 1351 eius
1013 1324 1142 1350 enarret.
1189 1321 1234 1350 Ab
1252 1317 1422 1359 Ayathocle

297 1373 413 1411 incipit,
433 1373 484 1411 qui
502 1373 639 1402 omnibus
657 1374 830 1403 notissimus
847 1376 914 1402 erat
925 1371 966 1409 (v.
980 1372 1017 1402 ad
1030 1372 1120 1402 Most.
1134 1371 1220 1408 760),
1240 1373 1271 1401 in
1282 1369 1422 1401 Hierone

296 1423 420 1461 desinit,
450 1425 501 1462 qui
530 1427 560 1453 et
587 1425 650 1463 ipse
672 1427 797 1464 propter
819 1425 905 1462 regni
927 1424 1146 1461 longitudinem
1170 1420 1210 1461 (a.
1236 1420 1420 1461 270-216)

297 1476 489 1514 rationesque
512 1486 577 1505 cum
600 1475 740 1505 Romanis
763 1478 931 1505 contractas
954 1476 1043 1512 vulgo
1066 1478 1154 1504 notus
1177 1477 1250 1504 erat.
1285 1475 1344 1504 Sed
1367 1476 1419 1513 qui

295 1537 382 1565 reges
405 1527 608 1556 intercessisse
631 1527 780 1563 dicuntur,
805 1536 906 1556 eorum
925 1527 1000 1555 alter
1018 1526 1076 1555 alio
1094 1527 1237 1564 pertinet,
1263 1522 1419 1562 Phintias,

295 1579 452 1617 Agrigenti
475 1581 618 1616 tyrannus
641 1579 883 1614 violentissimus,
905 1588 933 1607 v.
958 1577 1081 1607 Diodor.
1106 1577 1245 1615 Excerpt.
1269 1576 1366 1613 XXII,
1391 1577 1419 1612 2,

296 1631 389 1668 alter,
422 1626 558 1667 Liparo,
589 1631 708 1660 omnino
730 1629 816 1658 fictus
839 1629 972 1665 videtur,
1004 1630 1122 1658 nomino
1153 1628 1242 1657 ducto
1267 1638 1284 1656 a
1306 1627 1420 1666 Lipara

295 1682 401 1711 insula.
451 1682 512 1710 Nec
540 1691 643 1710 verum
672 1684 716 1710 est
739 1681 900 1710 Hieronem
923 1680 1090 1709 hereditate
1114 1689 1236 1717 regnum
1260 1680 1419 1718 accepisse,

295 1742 362 1762 nam
397 1733 524 1762 militum
554 1741 646 1771 opera
675 1733 839 1770 occupavit.
896 1731 1022 1761 Frustra
1049 1732 1141 1770 igitur
1169 1731 1227 1760 viri
1250 1730 1330 1759 docti
1353 1730 1420 1759 hinc

295 1785 358 1812 veri
381 1784 494 1822 aliquid
517 1784 623 1813 elicere
653 1785 751 1814 conati
779 1786 862 1819 sunt,
897 1793 924 1812 v.
950 1783 1051 1818 Holm,
1087 1781 1260 1812 Geschichte
1284 1781 1420 1810 Siciliens

296 1836 335 1864 im
358 1835 527 1864 Alter-thum
552 1835 580 1864 11
602 1845 631 1873 p.
656 1836 728 1864 490.
779 1834 835 1870 Qui
859 1834 1072 1872 Syracusarum
1100 1833 1257 1862 historiam
1281 1833 1318 1861 ab
1340 1832 1419 1870 Aga·

295 1886 393 1916 thocle
417 1886 454 1915 ad
472 1887 630 1915 Hieronem
649 1883 690 1923 (a.
712 1883 894 1923 289-270)
919 1888 1130 1923 persecuturus
1152 1884 1217 1919 fuit,
1241 1885 1266 1912 is
1284 1884 1419 1912 Hicetam

295 1939 447 1967 nominare
466 1937 571 1967 debuit
589 1940 620 1966 et
631 1936 788 1974 Pyrrhum.
834 1936 891 1966 Sed
909 1938 1046 1965 accurate
1064 1936 1137 1964 talia
1156 1945 1306 1973 exponere
1324 1938 1419 1973 poetae

295 1990 398 2018 comici
422 1999 479 2017 uon
502 1991 562 2024 est;
592 1989 617 2017 is
640 1989 741 2027 potius
764 1988 889 2016 licenter
911 1986 1051 2025 fingendo
1075 1986 1264 2016 intervallum
1288 1985 1420 2024 explevit

296 2043 326 2069 et
359 2042 390 2069 in
425 2041 489 2078 ipsa
523 2041 653 2068 vanitate
686 2039 866 2068 narrationis
900 2038 1019 2067 ridiculi
1054 2037 1167 2075 aliquid
1201 2037 1347 2075 quaesivit.
1378 2051 1417 2055 —

295 2091 372 2120 Ante
396 2102 423 2120 v.
447 2092 508 2120 406
533 2091 675 2119 excidisse
706 2089 819 2128 aliquid
846 2089 994 2118 intellexit
1017 2088 1214 2126 Ladewigius.
1259 2088 1322 2116 Aut
1343 2087 1418 2116 Ero-

295 2143 371 2172 tium
395 2142 492 2171 denuo
516 2141 748 2177 Menaechmum,
777 2143 812 2169 ut
840 2141 981 2174 intraret,
1010 2140 1162 2176 invitavit,
1192 2141 1244 2168 aut
1271 2140 1335 2177 ipse
1357 2138 1418 2168 Me-
