1596 2478
311 185 370 215 176
830 181 921 208 Plauti
1228 183 1262 216 n,
1283 185 1305 218 1,
1326 184 1424 212 ιιι-115

310 275 429 309 Sumus
453 275 672 308 circumuecti.
717 274 752 307 Si
774 285 879 314 acum,
901 275 1009 316 credo,
1033 287 1218 318 quaereres,

309 331 411 362 Acum
434 330 624 368 inuenisses,
647 329 675 361 si
697 329 882 370 adpareret,
906 330 969 361 iam
993 330 1057 363 diu.

309 384 480 416 Hominem
502 384 587 415 inter
610 383 706 416 uiuos
729 383 954 424 quaeritamus
976 387 1158 423 mortuum;

309 438 393 470 Nam
416 438 653 469 inuenissemus
676 438 741 469 iam
764 437 828 477 diu,
851 438 878 470 si
901 438 1038 470 uiueret.

734 496 1008 529 Menaechmus

310 552 397 594 Ergo
421 552 506 584 istuc
529 562 651 592 quaero
680 555 802 584 certum
826 553 882 594 qui
906 552 1006 583 faciat
1027 552 1116 590 mihi,
1375 562 1426 588 240

310 606 371 645 Qui
395 616 467 639 sese
491 605 581 637 dicat
603 606 698 644 scire,
719 616 792 638 eum
816 616 887 638 esse
910 609 1110 645 emortuum;

309 661 450 702 Operam
474 663 645 701 praeterea
667 670 842 700 numquam
865 670 991 691 sumam
1014 669 1189 700 quaerere3

310 714 431 746 Uerum
455 714 552 746 aliter
575 714 669 746 uiuos
692 724 868 755 numquam
892 714 1049 746 desistam
1073 714 1215 755 exsequi.

312 769 379 810 Ego
403 769 503 800 illunc
527 769 593 800 scio
618 779 716 810 quam
741 778 836 800 carus
859 768 902 800 sit
924 767 1014 800 cordi
1038 778 1118 799 meo.

773 828 968 859 DIes-smzio

313 882 346 914 ln
373 883 479 923 scirpo
503 882 623 914 nodum
647 883 788 923 quaeris.
834 881 917 919 Quin
942 892 999 913 nos
1023 881 1098 913 hinc
1121 882 1249 913 domum
1377 892 1427 917 245

313 937 476 975 Redimus,
501 937 562 968 nisi
586 938 611 968 si
636 937 805 968 historiam
830 935 985 976 scripturi
1009 936 1144 966 sumus?

730 996 1002 1027 Jllenavchmus

312 1051 439 1082 Dictum
463 1051 514 1082 fac
538 1061 646 1082 cessas
669 1050 688 1089 †
712 1051 823 1081 datum
849 1050 917 1081 edis
941 1060 1059 1081 caueas
1084 1050 1179 1082 malo.

311 1104 469 1137 Molestus
494 1116 532 1137 ue
556 1106 616 1143 sis,
641 1116 705 1136 non
729 1109 785 1136 tuo
810 1104 870 1135 hoc
894 1104 950 1135 fiet
973 1103 1076 1135 modo.

771 1163 972 1195 Messenio

1118 1206 1186 1244 Em,

311 1261 392 1293 Illoc
415 1262 499 1293 enim
524 1261 625 1293 uerbo
649 1272 718 1293 esse
744 1272 792 1292 me
816 1271 944 1292 seruom
970 1261 1053 1299 scio;

313 1316 384 1348 Non
410 1317 517 1356 potuit
540 1316 652 1356 paucis
677 1315 772 1356 plura
796 1315 892 1356 plane
917 1315 1081 1356 proloqui3
1378 1322 1429 1348 250

314 1370 432 1401 Uerum
457 1374 564 1401 tamen
590 1380 714 1410 nequeo
739 1370 908 1407 contineri,
932 1370 1010 1410 quin
1035 1368 1160 1409 loquar.

313 1424 417 1455 Audin
443 1424 674 1455 Menaechme?
698 1434 795 1464 quom
819 1424 957 1464 inspicio
983 1422 1216 1463 marsuppium,

315 1477 466 1509 Uiaticati
492 1478 599 1510 hercle
622 1477 798 1509 admodum
822 1478 946 1509 aestiuo
971 1488 1090 1508 sumus.

313 1531 360 1563 Ne
384 1536 420 1563 tu
444 1531 561 1571 hercle,
587 1533 710 1573 opinor,
735 1531 796 1562 nisi
821 1532 950 1563 domum
975 1531 1161 1568 reuerteris,

313 1585 375 1617 Ubi
398 1585 478 1617 nihil
502 1585 648 1624 habebis,
671 1585 835 1625 geminum
860 1586 936 1616 dum
961 1585 1100 1625 quaeris,
1125 1594 1243 1625 gemes.
1379 1591 1429 1617 255

313 1640 395 1671 Nam
421 1641 467 1671 ita
490 1644 538 1671 est
561 1640 642 1671 haec
666 1640 829 1671 hominum
854 1640 959 1671 natio:
985 1638 1204 1680 Epidamnieis

316 1694 500 1735 Uoluptarii
523 1697 623 1734 atque
647 1696 815 1734 potatores
839 1694 995 1732 maxumi,

314 1748 395 1780 Tum
419 1747 639 1789 sycophantae
663 1751 696 1780 et
719 1748 908 1789 palpatores
931 1747 1071 1789 plurumi

381 1867 432 1893 236
450 1866 495 1893 Sei
512 1866 540 1892 A
591 1867 642 1893 237
661 1866 700 1893 sei
718 1866 745 1892 A
797 1869 855 1892 tam
875 1867 921 1893 diu
974 1867 1024 1893 239
1043 1866 1080 1892 sei
1100 1866 1125 1891 A
1178 1865 1228 1891 240
1246 1867 1333 1890 stu.‹·.
1351 1863 1379 1890 Β

314 1909 360 1943 qui
381 1909 403 1935 G
477 1911 524 1935 241
546 1908 612 1942 Quei
631 1918 691 1935 sese
710 1909 801 1935 deicat
819 1909 845 1935 A
924 1912 1064 1935 mortuum
1082 1908 1109 1934 B
1182 1909 1233 1934 242
1251 1915 1384 1934 summam
1404 1907 1430 1933 A

313 1953 363 1978 244
381 1952 458 1978 cordi
479 1953 515 1978 sit
534 1961 614 1978 curus
633 1951 685 1978 BC
761 1953 810 1978 243
829 1952 960 1978 Molestus
981 1952 1002 1978 C
1078 1952 1129 1977 250
1147 1951 1266 1984 ιρι-«11111111
1287 1950 1309 1977 Ο
1381 1952 1427 1976 251

317 1994 501 2021 Ueruutmuvu
523 1996 545 2021 C
621 1995 765 2021 continere
847 1995 894 2028 qui
915 1995 1014 2028 loquor
1033 1994 1055 2021 G
1134 1995 1184 2020 252
1204 1994 1255 2020 Adi
1275 1994 1301 2020 Β
1380 1994 1430 2020 253

315 2038 436 2063 aestiune
515 2039 564 2063 254
585 2038 695 2071 opinior
715 2037 737 2064 C
811 2039 860 2063 255
880 2046 996 2070 quaeres
1015 2037 1041 2062 A
1114 2038 1164 2062 255
1183 2045 1221 2070 sq,
1243 2045 1335 2069 gemes
1355 2036 1429 2062 natio

314 2080 471 2113 epidumuia
490 2079 560 2106 Nam
581 2081 618 2106 ita
636 2083 679 2106 est
698 2080 749 2107 hec
768 2080 911 2106 homiuum
932 2080 984 2106 BG
1085 2081 1135 2106 256
1154 2079 1427 2112 natio-..Epidam-

316 2123 383 2149 nieis
403 2123 436 2148 A.
508 2124 558 2148 257
578 2124 714 2149 maxumei
734 2123 759 2149 A
798 2134 800 2137 >
828 2124 879 2149 258
898 2122 1033 2156 plurumei
1053 2122 1086 2155 A,
1106 2122 1179 2156 pluri
1199 2121 1251 2148 BC
