<?xml version="1.0" encoding="UTF-8"?>
<!DOCTYPE html PUBLIC "-//W3C//DTD XHTML 1.0 Transitional//EN"
    "http://www.w3.org/TR/xhtml1/DTD/xhtml1-transitional.dtd">
<html xmlns="http://www.w3.org/1999/xhtml" xml:lang="en" lang="en">
 <head>
  <title>
</title>
<meta http-equiv="Content-Type" content="text/html;charset=utf-8" />
  <meta name='ocr-system' content='tesseract 3.04.00' />
  <meta name='ocr-capabilities' content='ocr_page ocr_carea ocr_par ocr_line ocrx_word'/>
</head>
<body>
  <div class='ocr_page' id='page_1' title='image "./comoediaerecensu03plauuoft_0278.png"; bbox 0 0 1596 2478; ppageno 0'>
   <div class='ocr_carea' id='block_1_1' title="bbox 297 170 1422 204">
    <p class='ocr_par' dir='ltr' id='par_1_1' title="bbox 297 170 1422 204">
     <span class='ocr_line' id='line_1_1' title="bbox 297 170 1422 204; baseline 0.002 -8"><span class='ocrx_word' id='word_1_1' title='bbox 297 173 337 203; x_wconf 87' lang='lat'><strong>60</strong></span> <span class='ocrx_word' id='word_1_2' title='bbox 797 170 886 196; x_wconf 76' lang='lat' dir='ltr'><strong>Plauti</strong></span> <span class='ocrx_word' id='word_1_3' title='bbox 1227 171 1258 204; x_wconf 71' lang='lat' dir='ltr'><strong>vv</strong></span> <span class='ocrx_word' id='word_1_4' title='bbox 1277 172 1301 204; x_wconf 83' lang='lat'><strong>2,</strong></span> <span class='ocrx_word' id='word_1_5' title='bbox 1321 172 1422 198; x_wconf 76' lang='lat'>35—45</span> 
     </span>
    </p>
   </div>
   <div class='ocr_carea' id='block_1_2' title="bbox 296 263 1423 1027">
    <p class='ocr_par' dir='ltr' id='par_1_2' title="bbox 296 263 1423 1027">
     <span class='ocr_line' id='line_1_2' title="bbox 734 263 981 305; baseline 0.004 -10"><span class='ocrx_word' id='word_1_6' title='bbox 734 263 981 305; x_wconf 78' lang='lat' dir='ltr'><strong>Periphanes</strong></span> 
     </span>
     <span class='ocr_line' id='line_1_3' title="bbox 298 317 832 357; baseline 0.002 -9"><span class='ocrx_word' id='word_1_7' title='bbox 298 317 402 355; x_wconf 86' lang='lat' dir='ltr'><strong>Quam</strong></span> <span class='ocrx_word' id='word_1_8' title='bbox 426 321 525 357; x_wconf 84' lang='lat' dir='ltr'><strong>negat</strong></span> <span class='ocrx_word' id='word_1_9' title='bbox 548 318 682 350; x_wconf 84' lang='lat' dir='ltr'><strong>nouisse</strong></span> <span class='ocrx_word' id='word_1_10' title='bbox 705 318 832 349; x_wconf 80' lang='lat' dir='ltr'><strong>mater?</strong></span> 
     </span>
     <span class='ocr_line' id='line_1_4' title="bbox 761 377 959 418; baseline 0 -10"><span class='ocrx_word' id='word_1_11' title='bbox 761 377 959 418; x_wconf 84' lang='lat' dir='ltr'><strong>Epidicus</strong></span> 
     </span>
     <span class='ocr_line' id='line_1_5' title="bbox 870 430 1320 470; baseline 0.004 -9"><span class='ocrx_word' id='word_1_12' title='bbox 870 430 911 461; x_wconf 89' lang='lat' dir='ltr'><strong>Ni</strong></span> <span class='ocrx_word' id='word_1_13' title='bbox 935 440 1010 470; x_wconf 85' lang='lat' dir='ltr'><strong>ergo</strong></span> <span class='ocrx_word' id='word_1_14' title='bbox 1034 431 1148 462; x_wconf 82' lang='lat' dir='ltr'><strong>matris</strong></span> <span class='ocrx_word' id='word_1_15' title='bbox 1172 430 1239 462; x_wconf 90' lang='lat' dir='ltr'><strong>filia</strong></span> <span class='ocrx_word' id='word_1_16' title='bbox 1261 434 1320 469; x_wconf 80' lang='lat' dir='ltr'><strong>est,</strong></span> 
     </span>
     <span class='ocr_line' id='line_1_6' title="bbox 296 483 1245 525; baseline 0.001 -11"><span class='ocrx_word' id='word_1_17' title='bbox 296 483 332 514; x_wconf 89' lang='lat' dir='ltr'><strong>In</strong></span> <span class='ocrx_word' id='word_1_18' title='bbox 357 493 464 514; x_wconf 84' lang='lat' dir='ltr'><strong>meum</strong></span> <span class='ocrx_word' id='word_1_19' title='bbox 487 493 667 521; x_wconf 90' lang='lat' dir='ltr'><strong>nummum,</strong></span> <span class='ocrx_word' id='word_1_20' title='bbox 692 484 725 516; x_wconf 86' lang='lat' dir='ltr'><strong>in</strong></span> <span class='ocrx_word' id='word_1_21' title='bbox 749 487 841 516; x_wconf 83' lang='lat' dir='ltr'><strong>tuum</strong></span> <span class='ocrx_word' id='word_1_22' title='bbox 865 484 1027 516; x_wconf 81' lang='lat' dir='ltr'><strong>talentum</strong></span> <span class='ocrx_word' id='word_1_23' title='bbox 1050 484 1169 525; x_wconf 81' lang='lat' dir='ltr'><strong>pignus</strong></span> <span class='ocrx_word' id='word_1_24' title='bbox 1195 484 1245 516; x_wconf 86' lang='lat' dir='ltr'><strong>da.</strong></span> 
     </span>
     <span class='ocr_line' id='line_1_7' title="bbox 733 543 986 584; baseline 0.004 -10"><span class='ocrx_word' id='word_1_25' title='bbox 733 543 986 584; x_wconf 84' lang='lat' dir='ltr'><strong>Periphanes</strong></span> 
     </span>
     <span class='ocr_line' id='line_1_8' title="bbox 1053 596 1422 637; baseline 0 -9"><span class='ocrx_word' id='word_1_26' title='bbox 1053 596 1148 628; x_wconf 88' lang='lat' dir='ltr'><strong>Enim</strong></span> <span class='ocrx_word' id='word_1_27' title='bbox 1171 597 1247 628; x_wconf 79' lang='lat' dir='ltr'><strong>istic</strong></span> <span class='ocrx_word' id='word_1_28' title='bbox 1270 597 1422 637; x_wconf 80' lang='lat' dir='ltr'><strong>captiost.</strong></span> 
     </span>
     <span class='ocr_line' id='line_1_9' title="bbox 297 647 712 690; baseline 0.005 -11"><span class='ocrx_word' id='word_1_29' title='bbox 297 647 360 680; x_wconf 88' lang='lat' dir='ltr'><strong>Sed</strong></span> <span class='ocrx_word' id='word_1_30' title='bbox 385 650 457 690; x_wconf 88' lang='lat' dir='ltr'><strong>quis</strong></span> <span class='ocrx_word' id='word_1_31' title='bbox 481 653 550 681; x_wconf 83' lang='lat' dir='ltr'><strong>east</strong></span> <span class='ocrx_word' id='word_1_32' title='bbox 573 650 712 682; x_wconf 80' lang='lat' dir='ltr'><strong>mulier?</strong></span> 
     </span>
     <span class='ocr_line' id='line_1_10' title="bbox 759 709 960 750; baseline -0.005 -9"><span class='ocrx_word' id='word_1_33' title='bbox 759 709 960 750; x_wconf 85' lang='lat' dir='ltr'><strong>Epidicus</strong></span> 
     </span>
     <span class='ocr_line' id='line_1_11' title="bbox 620 763 1423 803; baseline 0.004 -9"><span class='ocrx_word' id='word_1_34' title='bbox 620 763 681 794; x_wconf 90' lang='lat' dir='ltr'><strong>Tui</strong></span> <span class='ocrx_word' id='word_1_35' title='bbox 704 764 793 803; x_wconf 81' lang='lat' dir='ltr'><strong>gnati</strong></span> <span class='ocrx_word' id='word_1_36' title='bbox 818 764 935 801; x_wconf 81' lang='lat' dir='ltr'><strong>amica,</strong></span> <span class='ocrx_word' id='word_1_37' title='bbox 960 766 996 794; x_wconf 83' lang='lat' dir='ltr'><strong>ut</strong></span> <span class='ocrx_word' id='word_1_38' title='bbox 1019 773 1146 794; x_wconf 89' lang='lat' dir='ltr'><strong>omnem</strong></span> <span class='ocrx_word' id='word_1_39' title='bbox 1169 773 1233 794; x_wconf 79' lang='lat' dir='ltr'><strong>rem</strong></span> <span class='ocrx_word' id='word_1_40' title='bbox 1258 764 1352 795; x_wconf 82' lang='lat' dir='ltr'><strong>scias.</strong></span> <span class='ocrx_word' id='word_1_41' title='bbox 1373 772 1423 797; x_wconf 85' lang='lat'><strong>700</strong></span> 
     </span>
     <span class='ocr_line' id='line_1_12' title="bbox 736 822 987 862; baseline 0.004 -9"><span class='ocrx_word' id='word_1_42' title='bbox 736 822 987 862; x_wconf 84' lang='lat' dir='ltr'>Periphanes</span> 
     </span>
     <span class='ocr_line' id='line_1_13' title="bbox 296 874 988 915; baseline 0 -9"><span class='ocrx_word' id='word_1_43' title='bbox 296 874 402 906; x_wconf 82' lang='lat' dir='ltr'>Dedin</span> <span class='ocrx_word' id='word_1_44' title='bbox 426 875 486 907; x_wconf 79' lang='lat' dir='ltr'><strong>tibi</strong></span> <span class='ocrx_word' id='word_1_45' title='bbox 510 876 613 907; x_wconf 86' lang='lat' dir='ltr'><strong>minas</strong></span> <span class='ocrx_word' id='word_1_46' title='bbox 636 876 776 915; x_wconf 78' lang='lat' dir='ltr'><strong>triginta</strong></span> <span class='ocrx_word' id='word_1_47' title='bbox 799 876 840 908; x_wconf 92' lang='lat' dir='ltr'><strong>ob</strong></span> <span class='ocrx_word' id='word_1_48' title='bbox 864 875 988 907; x_wconf 78' lang='lat' dir='ltr'><strong>filiani?</strong></span> 
     </span>
     <span class='ocr_line' id='line_1_14' title="bbox 760 935 958 975; baseline 0.005 -9"><span class='ocrx_word' id='word_1_49' title='bbox 760 935 958 975; x_wconf 87' lang='lat' dir='ltr'><strong>Epidicus</strong></span> 
     </span>
     <span class='ocr_line' id='line_1_15' title="bbox 1015 988 1261 1027; baseline 0.004 -8"><span class='ocrx_word' id='word_1_50' title='bbox 1015 988 1134 1021; x_wconf 86' lang='lat' dir='ltr'><strong>Fateor</strong></span> <span class='ocrx_word' id='word_1_51' title='bbox 1158 989 1261 1027; x_wconf 80' lang='lat' dir='ltr'><strong>datas,</strong></span> 
     </span>
    </p>
   </div>
   <div class='ocr_carea' id='block_1_3' title="bbox 295 1041 1308 1136">
    <p class='ocr_par' dir='ltr' id='par_1_3' title="bbox 295 1041 1308 1136">
     <span class='ocr_line' id='line_1_16' title="bbox 295 1041 1308 1082; baseline 0.002 -10"><span class='ocrx_word' id='word_1_52' title='bbox 295 1041 338 1073; x_wconf 85' lang='lat' dir='ltr'><strong>Et</strong></span> <span class='ocrx_word' id='word_1_53' title='bbox 361 1051 398 1073; x_wconf 89' lang='lat' dir='ltr'><strong>eo</strong></span> <span class='ocrx_word' id='word_1_54' title='bbox 422 1046 559 1082; x_wconf 84' lang='lat' dir='ltr'><strong>argento</strong></span> <span class='ocrx_word' id='word_1_55' title='bbox 583 1042 674 1074; x_wconf 87' lang='lat' dir='ltr'><strong>illam</strong></span> <span class='ocrx_word' id='word_1_56' title='bbox 696 1052 747 1073; x_wconf 90' lang='lat' dir='ltr'><strong>me</strong></span> <span class='ocrx_word' id='word_1_57' title='bbox 772 1043 889 1074; x_wconf 84' lang='lat' dir='ltr'><strong>emisse</strong></span> <span class='ocrx_word' id='word_1_58' title='bbox 913 1043 1050 1074; x_wconf 81' lang='lat' dir='ltr'><strong>amicam</strong></span> <span class='ocrx_word' id='word_1_59' title='bbox 1075 1042 1121 1074; x_wconf 82' lang='lat' dir='ltr'><strong>fili</strong></span> <span class='ocrx_word' id='word_1_60' title='bbox 1145 1042 1308 1074; x_wconf 83' lang='lat' dir='ltr'><strong>fidicinam</strong></span> 
     </span>
     <span class='ocr_line' id='line_1_17' title="bbox 296 1094 1229 1136; baseline 0.001 -10"><span class='ocrx_word' id='word_1_61' title='bbox 296 1095 359 1126; x_wconf 91' lang='lat' dir='ltr'><strong>Pro</strong></span> <span class='ocrx_word' id='word_1_62' title='bbox 382 1098 441 1127; x_wconf 81' lang='lat' dir='ltr'><strong>tua</strong></span> <span class='ocrx_word' id='word_1_63' title='bbox 463 1095 538 1128; x_wconf 78' lang='lat' dir='ltr'><strong>filia.</strong></span> <span class='ocrx_word' id='word_1_64' title='bbox 583 1096 613 1127; x_wconf 82' lang='lat' dir='ltr'><strong>Is</strong></span> <span class='ocrx_word' id='word_1_65' title='bbox 638 1099 680 1133; x_wconf 82' lang='lat' dir='ltr'><strong>te,</strong></span> <span class='ocrx_word' id='word_1_66' title='bbox 705 1094 820 1132; x_wconf 80' lang='lat' dir='ltr'><strong>fateor.</strong></span> <span class='ocrx_word' id='word_1_67' title='bbox 845 1097 938 1136; x_wconf 84' lang='lat' dir='ltr'><strong>tetigi</strong></span> <span class='ocrx_word' id='word_1_68' title='bbox 962 1097 1099 1136; x_wconf 83' lang='lat' dir='ltr'><strong>triginta</strong></span> <span class='ocrx_word' id='word_1_69' title='bbox 1123 1097 1229 1128; x_wconf 86' lang='lat' dir='ltr'><strong>minis.</strong></span> 
     </span>
    </p>
   </div>
   <div class='ocr_carea' id='block_1_4' title="bbox 296 1163 1423 1938">
    <p class='ocr_par' dir='ltr' id='par_1_4' title="bbox 296 1163 1423 1938">
     <span class='ocr_line' id='line_1_18' title="bbox 732 1163 985 1205; baseline -0.004 -10"><span class='ocrx_word' id='word_1_70' title='bbox 732 1163 985 1205; x_wconf 83' lang='lat' dir='ltr'><strong>Periphanes</strong></span> 
     </span>
     <span class='ocr_line' id='line_1_19' title="bbox 296 1216 1171 1254; baseline 0 -6"><span class='ocrx_word' id='word_1_71' title='bbox 296 1216 465 1254; x_wconf 84' lang='lat' dir='ltr'><strong>Quomodo</strong></span> <span class='ocrx_word' id='word_1_72' title='bbox 489 1228 540 1250; x_wconf 87' lang='lat' dir='ltr'><strong>me</strong></span> <span class='ocrx_word' id='word_1_73' title='bbox 566 1217 663 1249; x_wconf 85' lang='lat' dir='ltr'><strong>ludos</strong></span> <span class='ocrx_word' id='word_1_74' title='bbox 686 1217 794 1249; x_wconf 81' lang='lat' dir='ltr'><strong>fecisti</strong></span> <span class='ocrx_word' id='word_1_75' title='bbox 818 1217 858 1249; x_wconf 86' lang='lat' dir='ltr'><strong>de</strong></span> <span class='ocrx_word' id='word_1_76' title='bbox 882 1217 940 1249; x_wconf 83' lang='lat' dir='ltr'><strong>illa</strong></span> <span class='ocrx_word' id='word_1_77' title='bbox 963 1217 1171 1249; x_wconf 85' lang='lat' dir='ltr'><strong>conducticia</strong></span> 
     </span>
     <span class='ocr_line' id='line_1_20' title="bbox 296 1270 465 1302; baseline 0 0"><span class='ocrx_word' id='word_1_78' title='bbox 296 1270 465 1302; x_wconf 76' lang='lat' dir='ltr'><strong>Fidicina?</strong></span> 
     </span>
     <span class='ocr_line' id='line_1_21' title="bbox 764 1324 959 1365; baseline 0.005 -10"><span class='ocrx_word' id='word_1_79' title='bbox 764 1324 959 1365; x_wconf 81' lang='lat' dir='ltr'><strong>Epidicus</strong></span> 
     </span>
     <span class='ocr_line' id='line_1_22' title="bbox 509 1377 1423 1416; baseline 0.002 -7"><span class='ocrx_word' id='word_1_80' title='bbox 509 1378 645 1410; x_wconf 82' lang='lat' dir='ltr'><strong>Factum</strong></span> <span class='ocrx_word' id='word_1_81' title='bbox 668 1378 778 1410; x_wconf 83' lang='lat' dir='ltr'><strong>hercle</strong></span> <span class='ocrx_word' id='word_1_82' title='bbox 802 1389 894 1416; x_wconf 89' lang='lat' dir='ltr'><strong>uero,</strong></span> <span class='ocrx_word' id='word_1_83' title='bbox 919 1383 951 1410; x_wconf 82' lang='lat' dir='ltr'><strong>et</strong></span> <span class='ocrx_word' id='word_1_84' title='bbox 974 1382 1062 1410; x_wconf 83' lang='lat' dir='ltr'><strong>recte</strong></span> <span class='ocrx_word' id='word_1_85' title='bbox 1086 1377 1210 1410; x_wconf 84' lang='lat' dir='ltr'><strong>factum</strong></span> <span class='ocrx_word' id='word_1_86' title='bbox 1234 1378 1352 1410; x_wconf 85' lang='lat' dir='ltr'><strong>iudico.</strong></span> <span class='ocrx_word' id='word_1_87' title='bbox 1372 1387 1423 1412; x_wconf 79' lang='lat'><strong>705</strong></span> 
     </span>
     <span class='ocr_line' id='line_1_23' title="bbox 734 1445 987 1486; baseline 0.004 -9"><span class='ocrx_word' id='word_1_88' title='bbox 734 1445 759 1477; x_wconf 92' lang='lat' dir='ltr'>P</span> <span class='ocrx_word' id='word_1_89' title='bbox 769 1445 935 1486; x_wconf 85' lang='lat' dir='ltr'><strong>eriphan</strong></span> <span class='ocrx_word' id='word_1_90' title='bbox 947 1456 963 1478; x_wconf 88' lang='lat' dir='ltr'><strong>e</strong></span> <span class='ocrx_word' id='word_1_91' title='bbox 973 1456 987 1478; x_wconf 88' lang='lat' dir='ltr'>s</span> 
     </span>
     <span class='ocr_line' id='line_1_24' title="bbox 297 1497 1200 1540; baseline 0 -10"><span class='ocrx_word' id='word_1_92' title='bbox 297 1497 382 1536; x_wconf 84' lang='lat' dir='ltr'><strong>Quid</strong></span> <span class='ocrx_word' id='word_1_93' title='bbox 406 1503 571 1540; x_wconf 76' lang='lat' dir='ltr'><strong>postremo</strong></span> <span class='ocrx_word' id='word_1_94' title='bbox 595 1504 735 1540; x_wconf 80' lang='lat' dir='ltr'><strong>argento</strong></span> <span class='ocrx_word' id='word_1_95' title='bbox 759 1499 882 1531; x_wconf 82' lang='lat' dir='ltr'><strong>factum</strong></span> <span class='ocrx_word' id='word_1_96' title='bbox 907 1503 966 1538; x_wconf 81' lang='lat' dir='ltr'><strong>est,</strong></span> <span class='ocrx_word' id='word_1_97' title='bbox 989 1499 1076 1540; x_wconf 84' lang='lat' dir='ltr'><strong>quod</strong></span> <span class='ocrx_word' id='word_1_98' title='bbox 1100 1499 1200 1532; x_wconf 80' lang='lat' dir='ltr'><strong>dedi?</strong></span> 
     </span>
     <span class='ocr_line' id='line_1_25' title="bbox 759 1567 959 1608; baseline 0 -10"><span class='ocrx_word' id='word_1_99' title='bbox 759 1567 959 1608; x_wconf 87' lang='lat' dir='ltr'><strong>Epidicus</strong></span> 
     </span>
     <span class='ocr_line' id='line_1_26' title="bbox 1206 1621 1422 1653; baseline 0 -1"><span class='ocrx_word' id='word_1_100' title='bbox 1206 1621 1322 1652; x_wconf 84' lang='lat' dir='ltr'><strong>Dicam</strong></span> <span class='ocrx_word' id='word_1_101' title='bbox 1347 1621 1422 1653; x_wconf 89' lang='lat' dir='ltr'><strong>tibi:</strong></span> 
     </span>
     <span class='ocr_line' id='line_1_27' title="bbox 296 1674 1421 1715; baseline -0.001 -9"><span class='ocrx_word' id='word_1_102' title='bbox 296 1674 410 1715; x_wconf 87' lang='lat' dir='ltr'><strong>Neque</strong></span> <span class='ocrx_word' id='word_1_103' title='bbox 431 1675 516 1706; x_wconf 85' lang='lat' dir='ltr'><strong>malo</strong></span> <span class='ocrx_word' id='word_1_104' title='bbox 534 1674 655 1706; x_wconf 90' lang='lat' dir='ltr'><strong>homini</strong></span> <span class='ocrx_word' id='word_1_105' title='bbox 675 1685 781 1715; x_wconf 90' lang='lat' dir='ltr'><strong>neque</strong></span> <span class='ocrx_word' id='word_1_106' title='bbox 802 1674 897 1712; x_wconf 79' lang='lat' dir='ltr'><strong>boun,</strong></span> <span class='ocrx_word' id='word_1_107' title='bbox 922 1676 1019 1715; x_wconf 77' lang='lat' dir='ltr'><strong>gnato</strong></span> <span class='ocrx_word' id='word_1_108' title='bbox 1039 1678 1095 1707; x_wconf 83' lang='lat' dir='ltr'><strong>tuo</strong></span> <span class='ocrx_word' id='word_1_109' title='bbox 1108 1674 1183 1706; x_wconf 91' lang='lat' dir='ltr'><strong>dedi</strong></span> <span class='ocrx_word' id='word_1_110' title='bbox 1197 1674 1421 1715; x_wconf 84' lang='lat' dir='ltr'><strong>Stratippocli.</strong></span> 
     </span>
     <span class='ocr_line' id='line_1_28' title="bbox 729 1734 985 1774; baseline 0 -9"><span class='ocrx_word' id='word_1_111' title='bbox 729 1734 985 1774; x_wconf 84' lang='lat' dir='ltr'><strong>Periphanes</strong></span> 
     </span>
     <span class='ocr_line' id='line_1_29' title="bbox 297 1786 617 1819; baseline -0.003 0"><span class='ocrx_word' id='word_1_112' title='bbox 297 1786 362 1819; x_wconf 79' lang='lat' dir='ltr'><strong>Cui·</strong></span> <span class='ocrx_word' id='word_1_113' title='bbox 385 1787 464 1819; x_wconf 85' lang='lat' dir='ltr'><strong>dare</strong></span> <span class='ocrx_word' id='word_1_114' title='bbox 487 1787 617 1819; x_wconf 84' lang='lat' dir='ltr'><strong>ausu&#39;s‘?</strong></span> 
     </span>
     <span class='ocr_line' id='line_1_30' title="bbox 762 1846 960 1887; baseline 0 -10"><span class='ocrx_word' id='word_1_115' title='bbox 762 1846 960 1887; x_wconf 76' lang='lat' dir='ltr'><strong>Epidicus</strong></span> 
     </span>
     <span class='ocr_line' id='line_1_31' title="bbox 502 1899 937 1938; baseline 0 -7"><span class='ocrx_word' id='word_1_116' title='bbox 502 1899 585 1938; x_wconf 84' lang='lat' dir='ltr'><strong>Quia</strong></span> <span class='ocrx_word' id='word_1_117' title='bbox 608 1900 686 1932; x_wconf 87' lang='lat' dir='ltr'><strong>mihi</strong></span> <span class='ocrx_word' id='word_1_118' title='bbox 712 1900 852 1931; x_wconf 86' lang='lat' dir='ltr'><strong>lubitum</strong></span> <span class='ocrx_word' id='word_1_119' title='bbox 877 1905 937 1932; x_wconf 81' lang='lat' dir='ltr'><strong>est.</strong></span> 
     </span>
    </p>
   </div>
   <div class='ocr_carea' id='block_1_5' title="bbox 297 1976 401 1979">
    <p class='ocr_par' dir='ltr' id='par_1_5' title="bbox 297 1976 401 1979">
     <span class='ocr_line' id='line_1_32' title="bbox 297 1976 401 1979; baseline 0 0"><span class='ocrx_word' id='word_1_120' title='bbox 297 1976 401 1979; x_wconf 95' lang='lat' dir='ltr'><strong> </strong></span> 
     </span>
    </p>
   </div>
   <div class='ocr_carea' id='block_1_6' title="bbox 407 1977 497 1980">
    <p class='ocr_par' dir='ltr' id='par_1_6' title="bbox 407 1977 497 1980">
     <span class='ocr_line' id='line_1_33' title="bbox 407 1977 497 1980; baseline 0 0"><span class='ocrx_word' id='word_1_121' title='bbox 407 1977 497 1980; x_wconf 95' lang='lat' dir='ltr'><strong> </strong></span> 
     </span>
    </p>
   </div>
   <div class='ocr_carea' id='block_1_7' title="bbox 296 2016 1422 2135">
    <p class='ocr_par' dir='ltr' id='par_1_7' title="bbox 296 2016 1422 2135">
     <span class='ocr_line' id='line_1_34' title="bbox 365 2016 1422 2050; baseline 0 -8"><span class='ocrx_word' id='word_1_122' title='bbox 365 2018 414 2043; x_wconf 77' lang='grc'><strong>699</strong></span> <span class='ocrx_word' id='word_1_123' title='bbox 432 2017 485 2043; x_wconf 78' lang='lat' dir='ltr'><strong>iste</strong></span> <span class='ocrx_word' id='word_1_124' title='bbox 555 2019 607 2044; x_wconf 89' lang='grc'><strong>700</strong></span> <span class='ocrx_word' id='word_1_125' title='bbox 624 2027 682 2044; x_wconf 82' lang='lat' dir='ltr'><strong>rem</strong></span> <span class='ocrx_word' id='word_1_126' title='bbox 702 2025 753 2044; x_wconf 88' lang='lat' dir='ltr'><strong>om.</strong></span> <span class='ocrx_word' id='word_1_127' title='bbox 828 2018 875 2043; x_wconf 88' lang='lat'><strong>701</strong></span> <span class='ocrx_word' id='word_1_128' title='bbox 900 2017 988 2044; x_wconf 85' lang='lat' dir='ltr'><strong>Diden</strong></span> <span class='ocrx_word' id='word_1_129' title='bbox 1007 2017 1033 2043; x_wconf 91' lang='lat' dir='ltr'><strong><em>B</em></strong></span> <span class='ocrx_word' id='word_1_130' title='bbox 1109 2018 1159 2042; x_wconf 82' lang='grc'><strong>702</strong></span> <span class='ocrx_word' id='word_1_131' title='bbox 1178 2016 1214 2043; x_wconf 80' lang='lat' dir='ltr'><strong>Et</strong></span> <span class='ocrx_word' id='word_1_132' title='bbox 1232 2024 1284 2050; x_wconf 84' lang='lat' dir='ltr'><strong>ego</strong></span> <span class='ocrx_word' id='word_1_133' title='bbox 1304 2019 1422 2050; x_wconf 79' lang='lat' dir='ltr'><strong>argento</strong></span> 
     </span>
     <span class='ocr_line' id='line_1_35' title="bbox 296 2058 1422 2093; baseline -0.001 -8"><span class='ocrx_word' id='word_1_134' title='bbox 296 2060 346 2086; x_wconf 80' lang='grc'><strong>708</strong></span> <span class='ocrx_word' id='word_1_135' title='bbox 364 2060 415 2085; x_wconf 77' lang='lat' dir='ltr'><strong>inte</strong></span> <span class='ocrx_word' id='word_1_136' title='bbox 434 2059 519 2086; x_wconf 80' lang='lat' dir='ltr'><strong>abore</strong></span> <span class='ocrx_word' id='word_1_137' title='bbox 538 2060 619 2093; x_wconf 72' lang='lat' dir='ltr'><strong>tetigi</strong></span> <span class='ocrx_word' id='word_1_138' title='bbox 707 2060 797 2086; x_wconf 79' lang='lat' dir='ltr'><strong>minas</strong></span> <span class='ocrx_word' id='word_1_139' title='bbox 900 2061 950 2085; x_wconf 81' lang='lat'><strong>704</strong></span> <span class='ocrx_word' id='word_1_140' title='bbox 970 2059 1035 2086; x_wconf 82' lang='lat' dir='ltr'><strong>ludo</strong></span> <span class='ocrx_word' id='word_1_141' title='bbox 1122 2060 1173 2085; x_wconf 91' lang='grc'><strong>707</strong></span> <span class='ocrx_word' id='word_1_142' title='bbox 1192 2066 1281 2092; x_wconf 86' lang='lat' dir='ltr'><strong>neque</strong></span> <span class='ocrx_word' id='word_1_143' title='bbox 1300 2058 1422 2092; x_wconf 85' lang='lat' dir='ltr'><strong>benigno</strong></span> 
     </span>
     <span class='ocr_line' id='line_1_36' title="bbox 296 2101 840 2135; baseline 0.002 -8"><span class='ocrx_word' id='word_1_144' title='bbox 296 2104 345 2128; x_wconf 80' lang='lat' dir='ltr'><strong>tuo</strong></span> <span class='ocrx_word' id='word_1_145' title='bbox 364 2101 458 2128; x_wconf 77' lang='lat' dir='ltr'><strong>dediet</strong></span> <span class='ocrx_word' id='word_1_146' title='bbox 476 2102 579 2135; x_wconf 85' lang='lat' dir='ltr'><strong>ippocli</strong></span> <span class='ocrx_word' id='word_1_147' title='bbox 651 2103 701 2128; x_wconf 79' lang='lat'><strong>708</strong></span> <span class='ocrx_word' id='word_1_148' title='bbox 719 2101 796 2134; x_wconf 85' lang='lat' dir='ltr'><strong>Quor</strong></span> <span class='ocrx_word' id='word_1_149' title='bbox 815 2102 840 2128; x_wconf 78' lang='lat' dir='ltr'><strong><em>A</em></strong></span> 
     </span>
    </p>
   </div>
   <div class='ocr_carea' id='block_1_8' title="bbox 1529 0 1596 2478">
    <p class='ocr_par' dir='ltr' id='par_1_8' title="bbox 1529 0 1596 2478">
     <span class='ocr_line' id='line_1_37' title="bbox 1529 0 1596 2478; baseline 0 0"><span class='ocrx_word' id='word_1_150' title='bbox 1529 0 1596 2478; x_wconf 95' lang='lat' dir='ltr'><strong> </strong></span> 
     </span>
    </p>
   </div>
  </div>
 </body>
</html>
