1596 2478
314 161 375 189 330
786 157 964 185 Mostellaria.

313 255 446 292 quemvis
470 254 630 287 hominem,
666 254 713 281 vel
743 256 887 292 optimum
918 255 964 283 vel
993 256 1152 292 pessimum
1187 252 1276 290 (nlius
1307 255 1431 286 diceret:

313 305 358 335 vel
383 305 605 336 callidissinuim
631 305 678 332 vel
701 303 965 343 simplicissimum)
996 306 1091 344 primo
1115 306 1205 334 animi
1229 307 1342 343 impetu
1365 307 1435 335 mali

314 357 426 394 aliquid
451 357 547 384 facere
571 365 666 393 posse,
697 356 748 384 sed
773 357 884 385 virtute
908 366 982 394 opus
1005 367 1084 394 esse,
1108 367 1142 384 ne
1166 367 1200 385 ex
1225 357 1302 385 malo
1327 358 1434 386 malum

312 409 436 436 oriatur.
473 421 513 426 —-
548 406 617 435 Post
640 408 701 435 402
734 417 836 436 versus
864 409 926 436 416
955 408 1083 445 scriptus
1112 411 1165 443 est,
1202 418 1260 436 non
1283 409 1434 446 proximae,

314 459 416 494 credo,
453 458 504 486 sed
535 458 672 486 secuudae
701 459 818 496 paginae
847 460 1041 496 principiun1;
1079 459 1157 486 redit
1184 460 1260 487 enim
1285 468 1337 486 suo
1361 459 1435 493 loco,

315 511 349 538 cs.
375 509 411 537 ad
436 510 506 537 619.
530 523 571 528 —
595 510 667 537 403.
692 507 774 538 docti
796 510 842 538 esi
865 509 910 538 ed.
936 520 981 547 pr.
1006 524 1047 528 -
1071 510 1142 538 404.
1167 507 1354 547 ἅὶεθὶφιαΐα,
1379 521 1435 539 non

315 561 481 596 designata,
505 560 600 595 codd„
625 561 660 589 cf.
686 560 775 590 Poen.
804 562 849 590 19.
885 561 951 590 Ter.
976 561 1031 589 Ad.
1057 562 1106 589 87.
1143 561 1213 590 Hor.
1230 561 1283 599 Ep.
1298 562 1319 596 1,
1339 563 1367 595 5.
1388 562 1435 590 16.

314 627 355 631 --
388 609 531 649 ‘nequiter
561 611 659 640 Dousa
689 622 744 640 em.
781 626 818 631 —-
856 613 927 641 405.
964 612 1108 640 Versuum
1139 612 1271 640 ordinem
1303 613 1438 641 restituit

314 664 475 698 Acidalius,
498 663 657 691 verborum
682 663 792 691 Ritflch.
818 677 858 682 -—-
882 663 954 692 406.
979 660 1026 691 Ni
1048 667 1078 690 et
1101 664 1147 691 nei
1171 672 1225 700 pro
1249 673 1284 692 ue
1306 673 1384 701 eaepe
1408 664 1437 692 in

315 714 411 743 titulis
434 714 603 751 tabulisque
628 715 753 742 maxime
776 715 894 751 septimi
917 725 945 751 p.
959 724 987 742 u.
1002 724 1025 742 c.
1040 715 1138 742 saeculi
1163 715 1287 743 inveniri
1311 718 1436 748 constat,

315 777 342 795 v.
357 766 468 795 Ritsch.
482 765 589 803 Opusc.
605 765 629 793 II
644 775 673 802 p.
689 766 758 794 625.
805 765 849 793 Ex
872 765 1018 794 Plautinis
1041 765 1126 794 codd.
1151 766 1281 803 quinque
1305 766 1439 804 exempla

316 817 403 845 effert-
431 817 509 845 idem
534 816 567 845 V.
593 816 628 845 D.
659 827 688 854 p.
715 817 790 852 629;
828 817 895 845 add.
919 817 998 845 Men.
1024 817 1095 845 866.
1149 815 1296 854 patiatur
1324 816 1438 846 Camer.

316 883 356 888 —-—
380 869 451 897 407.
477 865 674 897 turbauimus
697 868 799 897 Lamb.
823 882 864 888 —·
893 868 964 896 408.
996 865 1134 906 liqueant
1157 868 1202 897 ed.
1226 879 1272 906 pr.
1296 883 1339 887 —
1366 869 1438 898 409.

316 927 356 948 ex
377 927 412 949 se
435 919 546 948 Camer.
573 929 627 948 em.

402 972 473 1000 410.
507 970 670 1008 Egreditur
703 980 739 999 ex
772 970 884 999 aedibus
918 980 991 1007 puer
1021 970 1132 999 clavem
1162 971 1258 999 ferens
1287 968 1377 1006 (396)
1409 975 1440 1000 et

317 1023 494 1051 Tranionem
514 1022 611 1050 denuo
631 1031 750 1050 monere
768 1022 804 1050 ab
824 1023 911 1050 anxio
937 1022 1056 1050 domiuo
1081 1023 1188 1050 iussus.
1230 1021 1275 1050 Ex
1293 1023 1440 1060 corruptis

316 1073 414 1102 verbis
444 1073 562 1102 Gruter.
588 1073 712 1101 fecerat:
750 1073 853 1111 „perii.
877 1072 944 1100 oh.“
1004 1072 1106 1105 Both„
1136 1073 1186 1102 R.:
1224 1074 1328 1110 „perii.
1352 1072 1439 1102 eho“.

316 1125 467 1153 Mueller.:
496 1123 571 1159 „Sed
595 1125 667 1161 quid
691 1124 747 1153 huc
770 1124 925 1160 egreditur
947 1122 1060 1162 puer'?“
1119 1124 1230 1161 Bugg.:
1266 1124 1343 1159 „Sed
1368 1125 1440 1162 qnid

315 1179 347 1204 tu
367 1176 517 1212 egredere,
543 1174 674 1213 puere‘?“
715 1175 879 1212 Seyffertus
903 1175 1018 1203 demum
1037 1175 1197 1213 (philolog.
1211 1175 1311 1204 XXIX
1324 1186 1351 1213 p.
1365 1174 1440 1211 395)

315 1237 422 1256 nomen
448 1227 525 1255 servi
549 1227 642 1255 latere
667 1227 830 1255 intellexit:
868 1223 930 1255 Sed
945 1224 1025 1264 quid
1041 1226 1074 1255 tu
1093 1224 1245 1263 egredere,
1277 1223 1441 1263 Sphaerio?

316 1278 373 1308 Sed
409 1280 497 1306 etiem
535 1278 613 1314 „iam
647 1277 722 1306 iam“
755 1281 925 1315 corruptum
956 1281 1014 1314 est,
1051 1278 1130 1315 quod
1160 1280 1213 1306 aut
1242 1278 1279 1306 ad
1309 1277 1439 1306 futurum

315 1334 433 1367 tempus
457 1330 599 1364 refertur,
630 1330 665 1358 cf.
690 1329 774 1358 Cure.
800 1330 875 1365 703,
906 1328 1004 1358 Madv.
1031 1329 1093 1357 Em.
1120 1328 1201 1357 Liv.²
1223 1339 1251 1367 p.
1279 1329 1354 1365 384,
1390 1332 1442 1358 aut

316 1391 381 1410 cum
406 1381 537 1418 emphasi
561 1381 716 1419 praesentis
740 1382 884 1418 temporis
909 1381 1102 1409 mutationem
1126 1380 1252 1415 indicat,
1287 1383 1322 1409 ut
1344 1380 1438 1409 Cntul.

317 1433 366 1467 63,
390 1434 440 1462 73.
477 1432 564 1468 Verg.
589 1431 657 1461 AEn.
680 1432 722 1467 ΙΙ,
747 1433 817 1461 701.
874 1431 980 1469 Itaque
1009 1432 1039 1460 in
1068 1432 1169 1469 priore
1200 1431 1245 1459 ed.
1271 1431 1439 1460 edideram:

319 1484 397 1518 „Sed
421 1483 492 1521 quid
516 1486 548 1511 tu
573 1483 714 1519 egredere
738 1484 779 1511 sic
797 1493 850 1521 per
867 1481 1026 1512 ienuam?“
1074 1483 1225 1511 veriorem
1245 1486 1344 1511 tumen
1363 1483 1440 1511 viam

316 1535 480 1564 Muellerus
504 1535 644 1563 institisse
668 1534 786 1563 videtur
809 1544 903 1572 puero
927 1533 1019 1563 verba
1042 1534 1129 1563 dans:
1158 1533 1290 1568 „clauim
1309 1535 1439 1572 accipe⁴⁸.

317 1586 489 1624 Sequuntur
512 1586 620 1623 Bugg.:
648 1585 742 1621 „Fero
765 1584 891 1614 cluuim“
918 1589 948 1614 et
971 1585 1121 1622 Seyffert.:
1159 1582 1222 1614 Em
1251 1581 1365 1614 clauim
1389 1584 1439 1621 (cf.

317 1635 401 1674 416).
415 1651 455 1656 -
469 1637 540 1665 411.
570 1636 747 1674 „paruistis
763 1636 887 1665 Guietus
912 1637 1015 1665 voluit.
1061 1634 1149 1665 Erus
1162 1636 1228 1665 add.
1243 1636 1439 1664 Camerarius,

317 1689 366 1717 R:
395 1688 584 1726 „Praeceptis
607 1698 703 1726 pares.
739 1687 798 1716 PV.
823 1687 899 1716 Erus
922 1691 951 1716 te
976 1687 1090 1716 iussit'‘.
1143 1687 1312 1716 Subiectum
1343 1687 1441 1715 audiri

316 1750 403 1778 posse
426 1742 527 1768 censet
552 1739 620 1768 Lor.
645 1755 685 1759 —
710 1740 780 1768 412.
805 1746 895 1768 orare
917 1740 1026 1767 omisso
1054 1737 1148 1774 „me”‚
1173 1748 1199 1766 v.
1214 1738 1249 1766 ad
1269 1739 1375 1775 Amph.
1391 1739 1441 1766 22.

321 1806 356 1810 —
382 1792 454 1819 413.
480 1788 568 1819 aedis
591 1791 671 1819 Cam.
691 1800 760 1826 em.;
784 1788 920 1819 intraret
941 1790 1072 1827 Langen.
1087 1790 1177 1818 Beitr.
1192 1800 1220 1828 p.
1235 1790 1306 1818 299.
1337 1789 1441 1818 Muell.

318 1852 382 1870 cum
407 1841 534 1878 Pylade:
573 1851 627 1877 „ne
651 1842 790 1870 introiret
813 1842 849 1870 ad
872 1839 934 1869 se“.
964 1856 1005 1860 —
1035 1841 1095 1869 414
1120 1848 1167 1869 me
1189 1840 1257 1868 add.
1282 1840 1361 1877 Py1.;
1392 1840 1440 1869 R.:

321 1893 425 1928 „hasce
449 1891 562 1921 aedis“.
585 1907 619 1911 —
640 1893 676 1920 ut
697 1900 736 1920 ne
759 1890 860 1928 etiam,
887 1893 905 1921 i.
919 1902 943 1921 e.
958 1896 991 1920 ut
1014 1902 1049 1920 ue
1064 1914 1070 1920 .
1085 1914 1090 1920 .
1106 1914 1111 1919 .
1126 1891 1254 1929 quidem,
1279 1895 1312 1920 ut
1328 1901 1443 1929 „neque

319 1944 424 1972 etiam⁴¹
453 1953 506 1981 pro
533 1954 584 1978 „nc
610 1954 643 1971 ne
658 1966 663 1971 .
679 1965 684 1970 .
699 1965 705 1971 .
721 1941 871 1980 quidem“‚
897 1943 932 1972 de
956 1953 1014 1981 quo
1040 1943 1096 1971 vid.
1118 1942 1216 1971 Madv.
1233 1942 1270 1970 ad
1289 1941 1347 1970 Cic.
1362 1940 1444 1970 Fiu.³

318 2005 347 2032 p.
373 1995 443 2023 813.
468 2009 508 2013 —
540 1995 610 2023 415.
642 1991 802 2029 obuoluto,
827 1998 949 2032 propter
973 1995 1124 2028 timorem,
1149 1994 1185 2022 cf·
1211 1994 1281 2022 512.
1306 2008 1347 2012 —
1369 1994 1441 2022 416.

322 2042 455 2080 Clauim,
480 2056 506 2074 v.
521 2045 633 2074 Charis.
652 2045 665 2072 I
689 2055 717 2083 p.
742 2046 810 2074 101.
844 2045 926 2073 Neue
951 2045 973 2080 1,
1000 2046 1069 2073 199.
1094 2059 1133 2064 -
1157 2044 1292 2072 Alterum
1312 2042 1439 2081 „atque“

319 2097 430 2126 delevit
454 2097 503 2133 R.;
527 2096 606 2125 Brix.
632 2096 737 2131 „hine-‘⁸
764 2096 820 2124 del.
839 2110 880 2115 —-
897 2096 969 2124 417.
993 2092 1068 2124 Iube
1092 2092 1208 2130 uenire,
1234 2096 1334 2124 veniat
1353 2095 1440 2124 modo
