1596 2478
166 186 203 218 11,
223 189 246 218 2,
265 188 384 213 94—103
645 187 809 213 Cistenaria.
1249 189 1288 217 27

630 281 825 321 Epidicus

167 335 229 366 Ubi
253 336 316 366 erit
339 338 457 375 empta,
480 338 516 366 ut
538 335 650 375 aliquo
673 347 712 366 cx
737 336 816 366 urbe
840 346 1011 373 amoueas3
1042 336 1103 366 nisi
1127 335 1208 375 quid
1232 338 1289 366 tua

165 390 266 420 §ecus
291 390 466 420 sententia.

596 448 857 489 Periphanes

498 503 599 534 Immo
623 503 726 534 docte.

628 562 824 602 Epidicus

762 615 846 652 Quid
871 619 906 647 tu
930 617 989 653 ais,
1015 616 1219 656 Apoecides?
1238 625 1286 650 281

613 675 839 716 Apoecides

164 730 250 767 Quid
271 740 330 769 ego
354 730 460 760 uiam?
495 730 556 760 nisi
582 733 613 761 te
638 734 846 760 commentum
870 730 966 760 nimis
991 733 1099 761 astute
1122 730 1287 769 intellego.

627 797 824 838 Epidicus

164 852 230 883 Iam
255 853 356 891 igitur
379 855 490 882 amota
514 853 543 882 ei
565 851 666 889 licerit
691 862 803 883 omues
827 852 1023 883 consultatio

163 905 368 946 Nuptiarum,
393 917 432 937 ne
456 910 614 946 grauetur
637 905 724 946 quod
750 905 842 937 uelis.

602 973 851 1014 Periphanes

881 1028 928 1058 Tu
952 1038 992 1059 ne
1017 1029 1116 1068 sapis,

163 1082 204 1113 Et
226 1082 346 1122 placet.

627 1136 820 1176 Epidicus

385 1189 466 1220 Tum
491 1194 525 1221 tu
550 1190 651 1229 igitur
675 1190 790 1228 calide,
814 1191 840 1221 si
866 1190 943 1230 quid
968 1190 1123 1227 acturus
1148 1201 1217 1230 age.
1237 1199 1288 1224 285

601 1249 851 1290 Periphanes

164 1304 241 1335 Rem
266 1303 375 1335 hercle
399 1303 543 1343 loquere.

624 1363 820 1404 Epidicus

503 1417 546 1448 Et
568 1418 708 1458 repperi,
733 1418 792 1449 ahs
818 1421 849 1449 te
873 1418 927 1457 qui
951 1417 1109 1449 abscedat
1132 1419 1288 1459 suspicio.

599 1477 848 1518 Periphanes

161 1531 236 1562 Sine
260 1542 310 1562 me
335 1531 428 1562 scire.

620 1590 822 1630 Epidicus

469 1644 588 1683 Scibis3
613 1645 699 1676 audi.

605 1705 836 1745 Apoecides

742 1758 838 1800 Sapit
862 1759 915 1791 hic
939 1759 1034 1800 pleno
1059 1763 1201 1801 pectore.

626 1817 825 1859 Epidicus

160 1871 250 1913 Opus
274 1875 326 1903 est
349 1872 490 1910 homine,
515 1873 571 1913 qui
594 1872 650 1904 illo
675 1876 847 1912 argentum
874 1873 1002 1905 deferat
1026 1885 1083 1914 pro
1108 1874 1255 1913 fidicina3

160 1926 242 1958 Nam
266 1930 298 1957 te
322 1926 397 1957 nolo
421 1937 526 1966 neque
550 1937 632 1967 opus
656 1926 788 1959 factost.

227 2047 274 2072 281
297 2045 438 2072 sententia
455 2048 498 2071 est
594 2048 626 2072 tu
644 2048 736 2072 autem
757 2046 914 2080 Apoecides
1017 2048 1067 2073 282
1086 2046 1138 2080 Qui
1157 2055 1208 2080 ego
1227 2048 1284 2073 Iam

159 2089 210 2114 283
229 2089 284 2114 erit
346 2089 397 2114 284
415 2088 471 2114 ΑΡ.
491 2087 562 2114 Uiue
581 2088 663 2122 sapis.
727 2090 779 2114 285
796 2089 885 2114 calide
905 2089 1041 2122 quidquid
1061 2093 1175 2116 acturus
1237 2091 1287 2116 286

160 2131 285 2164 repperri
304 2131 372 2157 haec
392 2133 420 2157 te
491 2131 541 2157 289
560 2130 630 2157 Nam
650 2132 707 2158 telo
729 2141 784 2158 uon
804 2140 874 2166 eque
