<?xml version="1.0" encoding="UTF-8"?>
<!DOCTYPE html PUBLIC "-//W3C//DTD XHTML 1.0 Transitional//EN"
    "http://www.w3.org/TR/xhtml1/DTD/xhtml1-transitional.dtd">
<html xmlns="http://www.w3.org/1999/xhtml" xml:lang="en" lang="en">
 <head>
  <title>
</title>
<meta http-equiv="Content-Type" content="text/html;charset=utf-8" />
  <meta name='ocr-system' content='tesseract 3.04.00' />
  <meta name='ocr-capabilities' content='ocr_page ocr_carea ocr_par ocr_line ocrx_word'/>
</head>
<body>
  <div class='ocr_page' id='page_1' title='image "./comoediaerecensu03plauuoft_0093.png"; bbox 0 0 1596 2478; ppageno 0'>
   <div class='ocr_carea' id='block_1_1' title="bbox 128 223 1251 259">
    <p class='ocr_par' dir='ltr' id='par_1_1' title="bbox 128 223 1251 259">
     <span class='ocr_line' id='line_1_1' title="bbox 128 223 1251 259; baseline -0.001 -9"><span class='ocrx_word' id='word_1_1' title='bbox 128 223 148 254; x_wconf 84' lang='lat'>1,</span> <span class='ocrx_word' id='word_1_2' title='bbox 170 225 191 256; x_wconf 90' lang='lat' dir='ltr'>l,</span> <span class='ocrx_word' id='word_1_3' title='bbox 210 224 311 250; x_wconf 74' lang='lat'><strong>32—52</strong></span> <span class='ocrx_word' id='word_1_4' title='bbox 605 224 767 251; x_wconf 70' lang='lat' dir='ltr'>Cistellaria.</span> <span class='ocrx_word' id='word_1_5' title='bbox 1211 229 1251 259; x_wconf 79' lang='lat'>85</span> 
     </span>
    </p>
   </div>
   <div class='ocr_carea' id='block_1_2' title="bbox 121 317 1250 953">
    <p class='ocr_par' dir='ltr' id='par_1_2' title="bbox 211 317 1250 466">
     <span class='ocr_line' id='line_1_2' title="bbox 211 317 928 360; baseline 0.003 -11"><span class='ocrx_word' id='word_1_6' title='bbox 211 317 332 349; x_wconf 80' lang='lat' dir='ltr'>Nostra</span> <span class='ocrx_word' id='word_1_7' title='bbox 355 318 449 358; x_wconf 84' lang='lat' dir='ltr'>copia</span> <span class='ocrx_word' id='word_1_8' title='bbox 471 318 552 349; x_wconf 89' lang='lat' dir='ltr'>nihil</span> <span class='ocrx_word' id='word_1_9' title='bbox 577 318 692 350; x_wconf 89' lang='lat' dir='ltr'>uolunt</span> <span class='ocrx_word' id='word_1_10' title='bbox 715 330 774 350; x_wconf 81' lang='lat' dir='ltr'>nos</span> <span class='ocrx_word' id='word_1_11' title='bbox 798 322 928 360; x_wconf 81' lang='lat' dir='ltr'>potesse</span> 
     </span>
     <span class='ocr_line' id='line_1_3' title="bbox 211 371 894 413; baseline 0.001 -10"><span class='ocrx_word' id='word_1_12' title='bbox 211 371 332 412; x_wconf 83' lang='lat' dir='ltr'>Suique</span> <span class='ocrx_word' id='word_1_13' title='bbox 357 373 499 403; x_wconf 87' lang='lat' dir='ltr'>omnium</span> <span class='ocrx_word' id='word_1_14' title='bbox 523 383 630 404; x_wconf 85' lang='lat' dir='ltr'>rerum</span> <span class='ocrx_word' id='word_1_15' title='bbox 654 382 714 404; x_wconf 89' lang='lat' dir='ltr'>nos</span> <span class='ocrx_word' id='word_1_16' title='bbox 738 373 894 413; x_wconf 82' lang='lat' dir='ltr'>indigere,</span> 
     </span>
     <span class='ocr_line' id='line_1_4' title="bbox 336 425 1250 466; baseline 0.003 -10"><span class='ocrx_word' id='word_1_17' title='bbox 336 425 376 457; x_wconf 77' lang='lat' dir='ltr'>Ut</span> <span class='ocrx_word' id='word_1_18' title='bbox 400 426 463 457; x_wconf 89' lang='lat' dir='ltr'>sibi</span> <span class='ocrx_word' id='word_1_19' title='bbox 487 426 588 457; x_wconf 84' lang='lat' dir='ltr'>simus</span> <span class='ocrx_word' id='word_1_20' title='bbox 613 426 786 466; x_wconf 87' lang='lat' dir='ltr'>supplices.</span> <span class='ocrx_word' id='word_1_21' title='bbox 1217 438 1250 463; x_wconf 87' lang='lat'>30</span> 
     </span>
    </p>

    <p class='ocr_par' dir='ltr' id='par_1_3' title="bbox 121 479 1249 953">
     <span class='ocr_line' id='line_1_5' title="bbox 126 479 1249 520; baseline 0.004 -10"><span class='ocrx_word' id='word_1_22' title='bbox 126 479 189 511; x_wconf 86' lang='lat' dir='ltr'>Eas</span> <span class='ocrx_word' id='word_1_23' title='bbox 213 480 238 511; x_wconf 89' lang='lat' dir='ltr'>si</span> <span class='ocrx_word' id='word_1_24' title='bbox 259 479 368 516; x_wconf 75' lang='lat' dir='ltr'>adeas,</span> <span class='ocrx_word' id='word_1_25' title='bbox 392 480 518 511; x_wconf 84' lang='lat' dir='ltr'>abitum</span> <span class='ocrx_word' id='word_1_26' title='bbox 539 490 637 520; x_wconf 76' lang='lat' dir='ltr'>quam</span> <span class='ocrx_word' id='word_1_27' title='bbox 655 480 782 511; x_wconf 83' lang='lat' dir='ltr'>aditum</span> <span class='ocrx_word' id='word_1_28' title='bbox 802 481 904 512; x_wconf 88' lang='lat' dir='ltr'>malis.</span> <span class='ocrx_word' id='word_1_29' title='bbox 942 482 993 513; x_wconf 80' lang='lat' dir='ltr'>Ita</span> <span class='ocrx_word' id='word_1_30' title='bbox 1010 486 1122 513; x_wconf 83' lang='lat' dir='ltr'>nostro</span> <span class='ocrx_word' id='word_1_31' title='bbox 1143 482 1249 514; x_wconf 88' lang='lat' dir='ltr'>ordini</span> 
     </span>
     <span class='ocr_line' id='line_1_6' title="bbox 126 533 1061 576; baseline 0.003 -12"><span class='ocrx_word' id='word_1_32' title='bbox 126 533 235 565; x_wconf 86' lang='lat' dir='ltr'>Palam</span> <span class='ocrx_word' id='word_1_33' title='bbox 261 533 489 571; x_wconf 73' lang='lat' dir='ltr'>blandiuntur3</span> <span class='ocrx_word' id='word_1_34' title='bbox 513 534 606 569; x_wconf 74' lang='lat' dir='ltr'>clam,</span> <span class='ocrx_word' id='word_1_35' title='bbox 632 535 658 565; x_wconf 84' lang='lat' dir='ltr'>si</span> <span class='ocrx_word' id='word_1_36' title='bbox 684 535 812 566; x_wconf 83' lang='lat' dir='ltr'>occasio</span> <span class='ocrx_word' id='word_1_37' title='bbox 839 546 978 576; x_wconf 87' lang='lat' dir='ltr'>usquam</span> <span class='ocrx_word' id='word_1_38' title='bbox 1001 539 1061 572; x_wconf 81' lang='lat' dir='ltr'>est,</span> 
     </span>
     <span class='ocr_line' id='line_1_7' title="bbox 125 587 826 628; baseline 0 -10"><span class='ocrx_word' id='word_1_39' title='bbox 125 588 251 628; x_wconf 86' lang='lat' dir='ltr'>Aquam</span> <span class='ocrx_word' id='word_1_40' title='bbox 276 587 428 627; x_wconf 79' lang='lat' dir='ltr'>frigidam</span> <span class='ocrx_word' id='word_1_41' title='bbox 453 587 589 620; x_wconf 80' lang='lat' dir='ltr'>subdole</span> <span class='ocrx_word' id='word_1_42' title='bbox 614 588 826 620; x_wconf 82' lang='lat' dir='ltr'>subfundunt.</span> 
     </span>
     <span class='ocr_line' id='line_1_8' title="bbox 125 640 847 682; baseline 0.001 -10"><span class='ocrx_word' id='word_1_43' title='bbox 125 640 210 673; x_wconf 89' lang='lat' dir='ltr'>Uiris</span> <span class='ocrx_word' id='word_1_44' title='bbox 235 651 308 672; x_wconf 88' lang='lat' dir='ltr'>cum</span> <span class='ocrx_word' id='word_1_45' title='bbox 334 642 400 673; x_wconf 88' lang='lat' dir='ltr'>suis</span> <span class='ocrx_word' id='word_1_46' title='bbox 426 642 618 682; x_wconf 80' lang='lat' dir='ltr'>praedicant</span> <span class='ocrx_word' id='word_1_47' title='bbox 642 652 700 673; x_wconf 89' lang='lat' dir='ltr'>nos</span> <span class='ocrx_word' id='word_1_48' title='bbox 725 642 847 681; x_wconf 84' lang='lat' dir='ltr'>solere;</span> 
     </span>
     <span class='ocr_line' id='line_1_9' title="bbox 124 695 1249 736; baseline 0.002 -10"><span class='ocrx_word' id='word_1_49' title='bbox 124 696 208 726; x_wconf 81' lang='lat' dir='ltr'>Suas</span> <span class='ocrx_word' id='word_1_50' title='bbox 233 695 374 736; x_wconf 85' lang='lat' dir='ltr'>paelices</span> <span class='ocrx_word' id='word_1_51' title='bbox 399 707 468 727; x_wconf 87' lang='lat' dir='ltr'>esse</span> <span class='ocrx_word' id='word_1_52' title='bbox 493 696 599 733; x_wconf 83' lang='lat' dir='ltr'>aiunt3</span> <span class='ocrx_word' id='word_1_53' title='bbox 624 702 701 726; x_wconf 84' lang='lat' dir='ltr'>eunt</span> <span class='ocrx_word' id='word_1_54' title='bbox 726 696 925 736; x_wconf 87' lang='lat' dir='ltr'>depressum.</span> <span class='ocrx_word' id='word_1_55' title='bbox 1217 697 1249 733; x_wconf 63' lang='grc'>33</span> 
     </span>
     <span class='ocr_line' id='line_1_10' title="bbox 124 748 1181 790; baseline 0.004 -10"><span class='ocrx_word' id='word_1_56' title='bbox 124 748 207 786; x_wconf 84' lang='lat' dir='ltr'>Quia</span> <span class='ocrx_word' id='word_1_57' title='bbox 231 760 289 781; x_wconf 84' lang='lat' dir='ltr'>nos</span> <span class='ocrx_word' id='word_1_58' title='bbox 312 749 484 781; x_wconf 81' lang='lat' dir='ltr'>libertinae</span> <span class='ocrx_word' id='word_1_59' title='bbox 508 760 626 787; x_wconf 79' lang='lat' dir='ltr'>sumus,</span> <span class='ocrx_word' id='word_1_60' title='bbox 651 753 684 782; x_wconf 87' lang='lat' dir='ltr'>et</span> <span class='ocrx_word' id='word_1_61' title='bbox 707 760 765 790; x_wconf 88' lang='lat' dir='ltr'>ego</span> <span class='ocrx_word' id='word_1_62' title='bbox 791 754 822 781; x_wconf 86' lang='lat' dir='ltr'>et</span> <span class='ocrx_word' id='word_1_63' title='bbox 845 754 901 782; x_wconf 86' lang='lat' dir='ltr'>tua</span> <span class='ocrx_word' id='word_1_64' title='bbox 925 755 1040 789; x_wconf 70' lang='lat' dir='ltr'>mater,</span> <span class='ocrx_word' id='word_1_65' title='bbox 1066 752 1181 784; x_wconf 79' lang='lat' dir='ltr'>ambae</span> 
     </span>
     <span class='ocr_line' id='line_1_11' title="bbox 124 803 1072 843; baseline 0.003 -9"><span class='ocrx_word' id='word_1_66' title='bbox 124 803 312 835; x_wconf 78' lang='lat' dir='ltr'>Meretrices</span> <span class='ocrx_word' id='word_1_67' title='bbox 335 804 468 841; x_wconf 75' lang='lat' dir='ltr'>fuimus3</span> <span class='ocrx_word' id='word_1_68' title='bbox 492 804 550 835; x_wconf 85' lang='lat' dir='ltr'>illa</span> <span class='ocrx_word' id='word_1_69' title='bbox 573 807 615 841; x_wconf 85' lang='lat' dir='ltr'>te,</span> <span class='ocrx_word' id='word_1_70' title='bbox 639 814 698 843; x_wconf 87' lang='lat' dir='ltr'>ego</span> <span class='ocrx_word' id='word_1_71' title='bbox 722 804 805 835; x_wconf 84' lang='lat' dir='ltr'>hauc</span> <span class='ocrx_word' id='word_1_72' title='bbox 832 805 909 835; x_wconf 88' lang='lat' dir='ltr'>mihi</span> <span class='ocrx_word' id='word_1_73' title='bbox 933 805 1072 837; x_wconf 79' lang='lat' dir='ltr'>educaui</span> 
     </span>
     <span class='ocr_line' id='line_1_12' title="bbox 122 857 1184 899; baseline 0.004 -11"><span class='ocrx_word' id='word_1_74' title='bbox 122 857 169 888; x_wconf 86' lang='lat' dir='ltr'>Ex</span> <span class='ocrx_word' id='word_1_75' title='bbox 196 857 346 898; x_wconf 81' lang='lat' dir='ltr'>patribus</span> <span class='ocrx_word' id='word_1_76' title='bbox 370 858 593 890; x_wconf 82' lang='lat' dir='ltr'>conuenticiis.</span> <span class='ocrx_word' id='word_1_77' title='bbox 640 858 753 898; x_wconf 83' lang='lat' dir='ltr'>Neque</span> <span class='ocrx_word' id='word_1_78' title='bbox 776 859 860 889; x_wconf 89' lang='lat' dir='ltr'>hanc</span> <span class='ocrx_word' id='word_1_79' title='bbox 883 860 1057 899; x_wconf 82' lang='lat' dir='ltr'>superbiae</span> <span class='ocrx_word' id='word_1_80' title='bbox 1081 870 1184 892; x_wconf 82' lang='lat' dir='ltr'>causa</span> 
     </span>
     <span class='ocr_line' id='line_1_13' title="bbox 121 911 1247 953; baseline 0.003 -10"><span class='ocrx_word' id='word_1_81' title='bbox 121 911 190 952; x_wconf 72' lang='lat' dir='ltr'>Eyo</span> <span class='ocrx_word' id='word_1_82' title='bbox 214 911 342 952; x_wconf 86' lang='lat' dir='ltr'>reppuli</span> <span class='ocrx_word' id='word_1_83' title='bbox 367 912 408 943; x_wconf 80' lang='lat' dir='ltr'>ad</span> <span class='ocrx_word' id='word_1_84' title='bbox 434 912 651 944; x_wconf 84' lang='lat' dir='ltr'>meretricium</span> <span class='ocrx_word' id='word_1_85' title='bbox 676 916 858 953; x_wconf 83' lang='lat' dir='ltr'>quaestum,</span> <span class='ocrx_word' id='word_1_86' title='bbox 883 914 945 944; x_wconf 86' lang='lat' dir='ltr'>nisi</span> <span class='ocrx_word' id='word_1_87' title='bbox 967 918 1003 944; x_wconf 89' lang='lat' dir='ltr'>ut</span> <span class='ocrx_word' id='word_1_88' title='bbox 1021 924 1059 944; x_wconf 87' lang='lat' dir='ltr'>ne</span> <span class='ocrx_word' id='word_1_89' title='bbox 1079 915 1247 946; x_wconf 82' lang='lat' dir='ltr'>esurirem.</span> 
     </span>
    </p>
   </div>
   <div class='ocr_carea' id='block_1_3' title="bbox 121 1005 1020 1101">
    <p class='ocr_par' dir='ltr' id='par_1_4' title="bbox 121 1005 1020 1101">
     <span class='ocr_line' id='line_1_14' title="bbox 583 1005 788 1038; baseline 0 -1"><span class='ocrx_word' id='word_1_90' title='bbox 583 1005 788 1038; x_wconf 88' lang='lat' dir='ltr'>Selenium</span> 
     </span>
     <span class='ocr_line' id='line_1_15' title="bbox 121 1060 1020 1101; baseline 0 -9"><span class='ocrx_word' id='word_1_91' title='bbox 121 1061 164 1092; x_wconf 81' lang='lat' dir='ltr'>At</span> <span class='ocrx_word' id='word_1_92' title='bbox 186 1061 291 1092; x_wconf 80' lang='lat' dir='ltr'>satius</span> <span class='ocrx_word' id='word_1_93' title='bbox 314 1061 421 1092; x_wconf 81' lang='lat' dir='ltr'>fuerat</span> <span class='ocrx_word' id='word_1_94' title='bbox 445 1071 515 1092; x_wconf 80' lang='lat' dir='ltr'>eam</span> <span class='ocrx_word' id='word_1_95' title='bbox 540 1061 611 1091; x_wconf 81' lang='lat' dir='ltr'>uiro</span> <span class='ocrx_word' id='word_1_96' title='bbox 637 1060 714 1092; x_wconf 82' lang='lat' dir='ltr'>dare</span> <span class='ocrx_word' id='word_1_97' title='bbox 738 1065 878 1101; x_wconf 89' lang='lat' dir='ltr'>nuptum</span> <span class='ocrx_word' id='word_1_98' title='bbox 903 1062 1020 1101; x_wconf 80' lang='lat' dir='ltr'>pot-ius.</span> 
     </span>
    </p>
   </div>
   <div class='ocr_carea' id='block_1_4' title="bbox 118 1148 1248 1407">
    <p class='ocr_par' dir='ltr' id='par_1_5' title="bbox 118 1148 1248 1407">
     <span class='ocr_line' id='line_1_16' title="bbox 633 1148 738 1180; baseline 0 0"><span class='ocrx_word' id='word_1_99' title='bbox 633 1148 738 1180; x_wconf 81' lang='lat' dir='ltr'>Lena</span> 
     </span>
     <span class='ocr_line' id='line_1_17' title="bbox 1080 1203 1248 1242; baseline 0.018 -7"><span class='ocrx_word' id='word_1_100' title='bbox 1080 1203 1148 1242; x_wconf 86' lang='lat' dir='ltr'>Eia,</span> <span class='ocrx_word' id='word_1_101' title='bbox 1213 1214 1248 1238; x_wconf 86' lang='lat'>40</span> 
     </span>
     <span class='ocr_line' id='line_1_18' title="bbox 118 1257 1217 1299; baseline 0 -9"><span class='ocrx_word' id='word_1_102' title='bbox 118 1258 208 1290; x_wconf 85' lang='lat' dir='ltr'>Haec</span> <span class='ocrx_word' id='word_1_103' title='bbox 232 1258 364 1299; x_wconf 88' lang='lat' dir='ltr'>quidem</span> <span class='ocrx_word' id='word_1_104' title='bbox 389 1260 519 1288; x_wconf 81' lang='lat' dir='ltr'>ecastor</span> <span class='ocrx_word' id='word_1_105' title='bbox 542 1257 660 1288; x_wconf 79' lang='lat' dir='ltr'>cotidie</span> <span class='ocrx_word' id='word_1_106' title='bbox 686 1258 758 1289; x_wconf 89' lang='lat' dir='ltr'>uiro</span> <span class='ocrx_word' id='word_1_107' title='bbox 782 1258 884 1295; x_wconf 81' lang='lat' dir='ltr'>nubit,</span> <span class='ocrx_word' id='word_1_108' title='bbox 908 1259 1085 1298; x_wconf 81' lang='lat' dir='ltr'>nupsitque</span> <span class='ocrx_word' id='word_1_109' title='bbox 1109 1258 1217 1296; x_wconf 78' lang='lat' dir='ltr'>hodie,</span> 
     </span>
     <span class='ocr_line' id='line_1_19' title="bbox 120 1312 1243 1352; baseline 0.001 -9"><span class='ocrx_word' id='word_1_110' title='bbox 120 1312 227 1343; x_wconf 88' lang='lat' dir='ltr'>Nubet</span> <span class='ocrx_word' id='word_1_111' title='bbox 253 1322 326 1342; x_wconf 84' lang='lat' dir='ltr'>mox</span> <span class='ocrx_word' id='word_1_112' title='bbox 351 1315 464 1350; x_wconf 83' lang='lat' dir='ltr'>noctu;</span> <span class='ocrx_word' id='word_1_113' title='bbox 488 1322 664 1352; x_wconf 82' lang='lat' dir='ltr'>numquam</span> <span class='ocrx_word' id='word_1_114' title='bbox 689 1322 747 1351; x_wconf 85' lang='lat' dir='ltr'>ego</span> <span class='ocrx_word' id='word_1_115' title='bbox 772 1312 856 1343; x_wconf 87' lang='lat' dir='ltr'>hanc</span> <span class='ocrx_word' id='word_1_116' title='bbox 874 1312 1007 1343; x_wconf 82' lang='lat' dir='ltr'>uiduam</span> <span class='ocrx_word' id='word_1_117' title='bbox 1027 1312 1148 1344; x_wconf 83' lang='lat' dir='ltr'>cubare</span> <span class='ocrx_word' id='word_1_118' title='bbox 1167 1314 1243 1351; x_wconf 84' lang='lat' dir='ltr'>siui;</span> 
     </span>
     <span class='ocr_line' id='line_1_20' title="bbox 119 1365 1140 1407; baseline 0 -9"><span class='ocrx_word' id='word_1_119' title='bbox 119 1366 200 1398; x_wconf 82' lang='lat' dir='ltr'>Nan]</span> <span class='ocrx_word' id='word_1_120' title='bbox 228 1366 253 1397; x_wconf 88' lang='lat' dir='ltr'>si</span> <span class='ocrx_word' id='word_1_121' title='bbox 279 1366 361 1397; x_wconf 85' lang='lat' dir='ltr'>haec</span> <span class='ocrx_word' id='word_1_122' title='bbox 385 1376 449 1397; x_wconf 89' lang='lat' dir='ltr'>non</span> <span class='ocrx_word' id='word_1_123' title='bbox 473 1365 585 1402; x_wconf 81' lang='lat' dir='ltr'>nubat,</span> <span class='ocrx_word' id='word_1_124' title='bbox 609 1365 738 1405; x_wconf 80' lang='lat' dir='ltr'>lugubri</span> <span class='ocrx_word' id='word_1_125' title='bbox 763 1365 847 1397; x_wconf 88' lang='lat' dir='ltr'>fame</span> <span class='ocrx_word' id='word_1_126' title='bbox 871 1365 996 1398; x_wconf 80' lang='lat' dir='ltr'>familia</span> <span class='ocrx_word' id='word_1_127' title='bbox 1020 1372 1140 1407; x_wconf 84' lang='lat' dir='ltr'>pereat.</span> 
     </span>
    </p>
   </div>
   <div class='ocr_carea' id='block_1_5' title="bbox 118 1458 1221 1555">
    <p class='ocr_par' dir='ltr' id='par_1_6' title="bbox 118 1458 1221 1555">
     <span class='ocr_line' id='line_1_21' title="bbox 552 1458 806 1500; baseline 0.004 -10"><span class='ocrx_word' id='word_1_128' title='bbox 552 1458 806 1500; x_wconf 83' lang='lat' dir='ltr'>Gymnasium</span> 
     </span>
     <span class='ocr_line' id='line_1_22' title="bbox 118 1513 1221 1555; baseline 0 -9"><span class='ocrx_word' id='word_1_129' title='bbox 118 1514 260 1546; x_wconf 86' lang='lat' dir='ltr'>Necesse</span> <span class='ocrx_word' id='word_1_130' title='bbox 285 1518 342 1548; x_wconf 73' lang='lat' dir='ltr'>est.</span> <span class='ocrx_word' id='word_1_131' title='bbox 367 1525 430 1555; x_wconf 91' lang='lat' dir='ltr'>quo</span> <span class='ocrx_word' id='word_1_132' title='bbox 455 1518 490 1544; x_wconf 85' lang='lat' dir='ltr'>tu</span> <span class='ocrx_word' id='word_1_133' title='bbox 515 1523 565 1544; x_wconf 87' lang='lat' dir='ltr'>me</span> <span class='ocrx_word' id='word_1_134' title='bbox 590 1513 686 1545; x_wconf 87' lang='lat' dir='ltr'>modo</span> <span class='ocrx_word' id='word_1_135' title='bbox 712 1514 801 1545; x_wconf 85' lang='lat' dir='ltr'>uoles</span> <span class='ocrx_word' id='word_1_136' title='bbox 825 1525 905 1553; x_wconf 89' lang='lat' dir='ltr'>esse,</span> <span class='ocrx_word' id='word_1_137' title='bbox 929 1515 976 1546; x_wconf 86' lang='lat' dir='ltr'>ita</span> <span class='ocrx_word' id='word_1_138' title='bbox 1000 1525 1082 1552; x_wconf 84' lang='lat' dir='ltr'>esse,</span> <span class='ocrx_word' id='word_1_139' title='bbox 1108 1519 1221 1546; x_wconf 86' lang='lat' dir='ltr'>mater.</span> 
     </span>
    </p>
   </div>
   <div class='ocr_carea' id='block_1_6' title="bbox 117 1607 1244 1920">
    <p class='ocr_par' dir='ltr' id='par_1_7' title="bbox 117 1607 1244 1920">
     <span class='ocr_line' id='line_1_23' title="bbox 628 1607 735 1639; baseline 0.009 -1"><span class='ocrx_word' id='word_1_140' title='bbox 628 1607 735 1639; x_wconf 86' lang='lat' dir='ltr'>Lena</span> 
     </span>
     <span class='ocr_line' id='line_1_24' title="bbox 117 1662 1244 1702; baseline 0.001 -7"><span class='ocrx_word' id='word_1_141' title='bbox 117 1663 257 1695; x_wconf 85' lang='lat' dir='ltr'>Ecastor</span> <span class='ocrx_word' id='word_1_142' title='bbox 281 1662 368 1693; x_wconf 87' lang='lat' dir='ltr'>haud</span> <span class='ocrx_word' id='word_1_143' title='bbox 394 1672 444 1693; x_wconf 90' lang='lat' dir='ltr'>me</span> <span class='ocrx_word' id='word_1_144' title='bbox 468 1662 623 1702; x_wconf 78' lang='lat' dir='ltr'>paenitet,</span> <span class='ocrx_word' id='word_1_145' title='bbox 648 1662 684 1697; x_wconf 82' lang='lat' dir='ltr'>si,</span> <span class='ocrx_word' id='word_1_146' title='bbox 709 1666 746 1693; x_wconf 78' lang='lat' dir='ltr'>ut</span> <span class='ocrx_word' id='word_1_147' title='bbox 769 1662 860 1701; x_wconf 76' lang='lat' dir='ltr'>dicis,</span> <span class='ocrx_word' id='word_1_148' title='bbox 885 1663 932 1694; x_wconf 85' lang='lat' dir='ltr'>ita</span> <span class='ocrx_word' id='word_1_149' title='bbox 955 1662 1066 1694; x_wconf 84' lang='lat' dir='ltr'>futura</span> <span class='ocrx_word' id='word_1_150' title='bbox 1089 1673 1139 1701; x_wconf 86' lang='lat' dir='ltr'>es;</span> <span class='ocrx_word' id='word_1_151' title='bbox 1209 1672 1244 1696; x_wconf 86' lang='lat'>45</span> 
     </span>
     <span class='ocr_line' id='line_1_25' title="bbox 118 1716 1244 1758; baseline 0 -10"><span class='ocrx_word' id='word_1_152' title='bbox 118 1717 201 1748; x_wconf 83' lang='lat' dir='ltr'>Nam</span> <span class='ocrx_word' id='word_1_153' title='bbox 219 1718 245 1748; x_wconf 87' lang='lat' dir='ltr'>si</span> <span class='ocrx_word' id='word_1_154' title='bbox 265 1717 395 1757; x_wconf 88' lang='lat' dir='ltr'>quidem</span> <span class='ocrx_word' id='word_1_155' title='bbox 415 1717 463 1746; x_wconf 83' lang='lat' dir='ltr'>ita</span> <span class='ocrx_word' id='word_1_156' title='bbox 481 1716 554 1752; x_wconf 80' lang='lat' dir='ltr'>eris,</span> <span class='ocrx_word' id='word_1_157' title='bbox 572 1719 608 1747; x_wconf 81' lang='lat' dir='ltr'>ut</span> <span class='ocrx_word' id='word_1_158' title='bbox 625 1716 711 1754; x_wconf 80' lang='lat' dir='ltr'>uolo,</span> <span class='ocrx_word' id='word_1_159' title='bbox 730 1727 906 1758; x_wconf 84' lang='lat' dir='ltr'>numquam</span> <span class='ocrx_word' id='word_1_160' title='bbox 926 1718 1030 1748; x_wconf 77' lang='lat' dir='ltr'>aetate</span> <span class='ocrx_word' id='word_1_161' title='bbox 1042 1716 1164 1748; x_wconf 85' lang='lat' dir='ltr'>Hecale</span> <span class='ocrx_word' id='word_1_162' title='bbox 1176 1717 1244 1755; x_wconf 79' lang='lat' dir='ltr'>fies,</span> 
     </span>
     <span class='ocr_line' id='line_1_26' title="bbox 118 1770 1244 1813; baseline -0.002 -9"><span class='ocrx_word' id='word_1_163' title='bbox 118 1772 316 1813; x_wconf 83' lang='lat' dir='ltr'>Semperque</span> <span class='ocrx_word' id='word_1_164' title='bbox 340 1771 462 1809; x_wconf 78' lang='lat' dir='ltr'>istanc⁷</span> <span class='ocrx_word' id='word_1_165' title='bbox 487 1780 584 1810; x_wconf 89' lang='lat' dir='ltr'>quam</span> <span class='ocrx_word' id='word_1_166' title='bbox 609 1780 696 1801; x_wconf 86' lang='lat' dir='ltr'>nuuc</span> <span class='ocrx_word' id='word_1_167' title='bbox 719 1770 836 1809; x_wconf 80' lang='lat' dir='ltr'>habes,</span> <span class='ocrx_word' id='word_1_168' title='bbox 867 1771 1047 1802; x_wconf 78' lang='lat' dir='ltr'>aetatulam</span> <span class='ocrx_word' id='word_1_169' title='bbox 1071 1771 1244 1812; x_wconf 85' lang='lat' dir='ltr'>optinebis,</span> 
     </span>
     <span class='ocr_line' id='line_1_27' title="bbox 117 1823 1243 1866; baseline -0.001 -9"><span class='ocrx_word' id='word_1_170' title='bbox 117 1826 295 1866; x_wconf 77' lang='lat' dir='ltr'>Multisque</span> <span class='ocrx_word' id='word_1_171' title='bbox 331 1824 449 1856; x_wconf 85' lang='lat' dir='ltr'>damno</span> <span class='ocrx_word' id='word_1_172' title='bbox 484 1829 517 1856; x_wconf 84' lang='lat' dir='ltr'>et</span> <span class='ocrx_word' id='word_1_173' title='bbox 550 1823 629 1855; x_wconf 83' lang='lat' dir='ltr'>mihi</span> <span class='ocrx_word' id='word_1_174' title='bbox 669 1824 761 1856; x_wconf 83' lang='lat' dir='ltr'>lucro</span> <span class='ocrx_word' id='word_1_175' title='bbox 802 1825 870 1857; x_wconf 85' lang='lat' dir='ltr'>sine</span> <span class='ocrx_word' id='word_1_176' title='bbox 905 1835 976 1856; x_wconf 90' lang='lat' dir='ltr'>meo</span> <span class='ocrx_word' id='word_1_177' title='bbox 1018 1835 1146 1866; x_wconf 83' lang='lat' dir='ltr'>semper</span> <span class='ocrx_word' id='word_1_178' title='bbox 1180 1826 1243 1856; x_wconf 84' lang='lat' dir='ltr'>eris</span> 
     </span>
     <span class='ocr_line' id='line_1_28' title="bbox 836 1882 977 1920; baseline 0 -10"><span class='ocrx_word' id='word_1_179' title='bbox 836 1882 977 1920; x_wconf 89' lang='lat' dir='ltr'>sumptu.</span> 
     </span>
    </p>
   </div>
   <div class='ocr_carea' id='block_1_7' title="bbox 120 1940 232 1944">
    <p class='ocr_par' dir='ltr' id='par_1_8' title="bbox 120 1940 232 1944">
     <span class='ocr_line' id='line_1_29' title="bbox 120 1940 232 1944; baseline 0 0"><span class='ocrx_word' id='word_1_180' title='bbox 120 1940 232 1944; x_wconf 95' lang='lat' dir='ltr'> </span> 
     </span>
    </p>
   </div>
   <div class='ocr_carea' id='block_1_8' title="bbox 117 1991 1249 2197">
    <p class='ocr_par' dir='ltr' id='par_1_9' title="bbox 118 1991 1249 2112">
     <span class='ocr_line' id='line_1_30' title="bbox 203 1991 1244 2023; baseline 0 -5"><span class='ocrx_word' id='word_1_181' title='bbox 203 1994 236 2018; x_wconf 83' lang='lat'>28</span> <span class='ocrx_word' id='word_1_182' title='bbox 256 1992 344 2018; x_wconf 87' lang='lat' dir='ltr'>nihilo</span> <span class='ocrx_word' id='word_1_183' title='bbox 413 1991 516 2016; x_wconf 75' lang='lat'>29—30</span> <span class='ocrx_word' id='word_1_184' title='bbox 535 1998 588 2017; x_wconf 81' lang='lat' dir='ltr'>uno</span> <span class='ocrx_word' id='word_1_185' title='bbox 606 1999 685 2018; x_wconf 77' lang='lat' dir='ltr'>versu</span> <span class='ocrx_word' id='word_1_186' title='bbox 752 1994 782 2019; x_wconf 84' lang='lat'>31</span> <span class='ocrx_word' id='word_1_187' title='bbox 803 1992 926 2019; x_wconf 75' lang='lat' dir='ltr'>habitum</span> <span class='ocrx_word' id='word_1_188' title='bbox 947 1992 967 2018; x_wconf 90' lang='lat' dir='ltr'><strong><em>I</em></strong></span> <span class='ocrx_word' id='word_1_189' title='bbox 1025 1993 1058 2018; x_wconf 86' lang='lat'>32</span> <span class='ocrx_word' id='word_1_190' title='bbox 1077 1992 1202 2018; x_wconf 75' lang='lat' dir='ltr'>occassio</span> <span class='ocrx_word' id='word_1_191' title='bbox 1221 1993 1244 2023; x_wconf 86' lang='lat' dir='ltr'>I,</span> 
     </span>
     <span class='ocr_line' id='line_1_31' title="bbox 118 2033 1249 2065; baseline -0.001 -3"><span class='ocrx_word' id='word_1_192' title='bbox 118 2037 212 2063; x_wconf 76' lang='lat' dir='ltr'>oeasio</span> <span class='ocrx_word' id='word_1_193' title='bbox 232 2034 262 2061; x_wconf 84' lang='lat' dir='ltr'><em>E</em></span> <span class='ocrx_word' id='word_1_194' title='bbox 372 2035 405 2060; x_wconf 84' lang='lat'>35</span> <span class='ocrx_word' id='word_1_195' title='bbox 424 2033 517 2059; x_wconf 78' lang='lat' dir='ltr'>felices</span> <span class='ocrx_word' id='word_1_196' title='bbox 538 2034 636 2065; x_wconf 77' lang='lat' dir='ltr'>agiunt</span> <span class='ocrx_word' id='word_1_197' title='bbox 655 2035 675 2061; x_wconf 94' lang='grc' dir='ltr'><em>Ι</em></span> <span class='ocrx_word' id='word_1_198' title='bbox 785 2045 845 2061; x_wconf 82' lang='lat' dir='ltr'>eum</span> <span class='ocrx_word' id='word_1_199' title='bbox 866 2035 912 2062; x_wconf 86' lang='lat' dir='ltr'>IE</span> <span class='ocrx_word' id='word_1_200' title='bbox 1021 2035 1053 2060; x_wconf 82' lang='lat'>37</span> <span class='ocrx_word' id='word_1_201' title='bbox 1072 2035 1139 2060; x_wconf 88' lang='lat' dir='ltr'>mihi</span> <span class='ocrx_word' id='word_1_202' title='bbox 1159 2042 1208 2061; x_wconf 89' lang='lat' dir='ltr'>om.</span> <span class='ocrx_word' id='word_1_203' title='bbox 1228 2035 1249 2061; x_wconf 90' lang='lat' dir='ltr'><em>I</em></span> 
     </span>
     <span class='ocr_line' id='line_1_32' title="bbox 118 2075 1243 2112; baseline -0.002 -7"><span class='ocrx_word' id='word_1_204' title='bbox 118 2079 150 2105; x_wconf 85' lang='lat'>38</span> <span class='ocrx_word' id='word_1_205' title='bbox 169 2081 327 2105; x_wconf 82' lang='lat' dir='ltr'>conuentus</span> <span class='ocrx_word' id='word_1_206' title='bbox 347 2075 382 2108; x_wconf 85' lang='grc' dir='ltr'>Β,</span> <span class='ocrx_word' id='word_1_207' title='bbox 402 2076 539 2102; x_wconf 84' lang='lat' dir='ltr'>conticius</span> <span class='ocrx_word' id='word_1_208' title='bbox 558 2076 581 2108; x_wconf 83' lang='lat' dir='ltr'>I,</span> <span class='ocrx_word' id='word_1_209' title='bbox 602 2079 730 2104; x_wconf 83' lang='lat' dir='ltr'>couticus</span> <span class='ocrx_word' id='word_1_210' title='bbox 748 2077 778 2104; x_wconf 83' lang='lat' dir='ltr'><em>E</em></span> <span class='ocrx_word' id='word_1_211' title='bbox 837 2086 889 2112; x_wconf 88' lang='lat' dir='ltr'>ego</span> <span class='ocrx_word' id='word_1_212' title='bbox 909 2086 999 2112; x_wconf 83' lang='lat' dir='ltr'>neque</span> <span class='ocrx_word' id='word_1_213' title='bbox 1062 2078 1095 2103; x_wconf 81' lang='lat'>39</span> <span class='ocrx_word' id='word_1_214' title='bbox 1112 2077 1174 2110; x_wconf 85' lang='lat' dir='ltr'>Ego</span> <span class='ocrx_word' id='word_1_215' title='bbox 1193 2085 1243 2103; x_wconf 81' lang='lat' dir='ltr'>om</span> 
     </span>
    </p>

    <p class='ocr_par' dir='ltr' id='par_1_10' title="bbox 117 2117 1248 2197">
     <span class='ocr_line' id='line_1_33' title="bbox 204 2117 1248 2154; baseline -0.002 -7"><span class='ocrx_word' id='word_1_216' title='bbox 204 2121 292 2154; x_wconf 82' lang='lat' dir='ltr'>repuli</span> <span class='ocrx_word' id='word_1_217' title='bbox 380 2119 414 2144; x_wconf 81' lang='lat'>40</span> <span class='ocrx_word' id='word_1_218' title='bbox 433 2118 503 2144; x_wconf 76' lang='lat' dir='ltr'>Heia</span> <span class='ocrx_word' id='word_1_219' title='bbox 521 2117 548 2143; x_wconf 89' lang='grc' dir='ltr'><strong><em>Β</em></strong></span> <span class='ocrx_word' id='word_1_220' title='bbox 632 2122 664 2146; x_wconf 84' lang='grc'>43</span> <span class='ocrx_word' id='word_1_221' title='bbox 684 2121 799 2147; x_wconf 84' lang='lat' dir='ltr'>lucubre</span> <span class='ocrx_word' id='word_1_222' title='bbox 817 2121 852 2154; x_wconf 81' lang='lat' dir='ltr'>B,</span> <span class='ocrx_word' id='word_1_223' title='bbox 871 2121 1004 2146; x_wconf 80' lang='lat' dir='ltr'>lucubrae</span> <span class='ocrx_word' id='word_1_224' title='bbox 1022 2120 1046 2153; x_wconf 87' lang='lat' dir='ltr'>I,</span> <span class='ocrx_word' id='word_1_225' title='bbox 1066 2120 1200 2153; x_wconf 78' lang='lat' dir='ltr'>lugubare</span> <span class='ocrx_word' id='word_1_226' title='bbox 1218 2118 1248 2145; x_wconf 87' lang='grc' dir='ltr'><em>Ε</em></span> 
     </span>
     <span class='ocr_line' id='line_1_34' title="bbox 117 2162 1148 2197; baseline -0.002 -7"><span class='ocrx_word' id='word_1_227' title='bbox 117 2164 207 2191; x_wconf 77' lang='lat' dir='ltr'>famae</span> <span class='ocrx_word' id='word_1_228' title='bbox 226 2165 245 2190; x_wconf 89' lang='lat'><em>1</em></span> <span class='ocrx_word' id='word_1_229' title='bbox 295 2165 328 2190; x_wconf 82' lang='lat'>46</span> <span class='ocrx_word' id='word_1_230' title='bbox 349 2172 500 2197; x_wconf 77' lang='lat' dir='ltr'>numquam</span> <span class='ocrx_word' id='word_1_231' title='bbox 521 2167 549 2189; x_wconf 80' lang='lat' dir='ltr'>et</span> <span class='ocrx_word' id='word_1_232' title='bbox 566 2163 629 2189; x_wconf 79' lang='lat' dir='ltr'>haec</span> <span class='ocrx_word' id='word_1_233' title='bbox 648 2171 664 2189; x_wconf 75' lang='lat' dir='ltr'>a</span> <span class='ocrx_word' id='word_1_234' title='bbox 682 2166 710 2189; x_wconf 84' lang='lat' dir='ltr'>te</span> <span class='ocrx_word' id='word_1_235' title='bbox 781 2164 813 2188; x_wconf 82' lang='lat'>47</span> <span class='ocrx_word' id='word_1_236' title='bbox 833 2164 915 2189; x_wconf 73' lang='lat' dir='ltr'>istam</span> <span class='ocrx_word' id='word_1_237' title='bbox 933 2162 962 2190; x_wconf 88' lang='lat' dir='ltr'><em>E</em></span> <span class='ocrx_word' id='word_1_238' title='bbox 1030 2163 1063 2188; x_wconf 82' lang='lat'>48</span> <span class='ocrx_word' id='word_1_239' title='bbox 1083 2171 1148 2196; x_wconf 80' lang='lat' dir='ltr'>sepe</span> 
     </span>
    </p>
   </div>
   <div class='ocr_carea' id='block_1_9' title="bbox 1557 0 1596 2478">
    <p class='ocr_par' dir='ltr' id='par_1_11' title="bbox 1557 0 1596 2478">
     <span class='ocr_line' id='line_1_35' title="bbox 1557 0 1596 2478; baseline 0 0"><span class='ocrx_word' id='word_1_240' title='bbox 1557 0 1596 2478; x_wconf 95' lang='lat' dir='ltr'> </span> 
     </span>
    </p>
   </div>
  </div>
 </body>
</html>
