1596 2478
319 225 358 254 66
837 221 924 248 Plauti
1224 221 1269 254 IV.
1288 224 1311 255 4,
1333 223 1431 249 16—26

783 315 962 357 Olympio

401 371 486 402 Tene
512 370 595 402 hanc
618 370 810 411 lampadem.

753 429 991 470 Lysidamus

852 484 952 516 Immo
977 495 1036 524 ego
1061 484 1144 515 hanc
1168 484 1294 516 tenebo.
1378 494 1429 519 785

319 538 426 569 Uenus
452 537 676 578 multipotens,
707 537 808 570 multa
837 538 922 570 bona
946 538 1022 570 mihi
1047 538 1181 573 dedisti.
1212 538 1307 570 huius
1329 549 1427 579 quom

1024 603 1061 623 co
1087 603 1151 624 lam

315 646 393 677 Mihi
418 646 534 677 fecisti.
580 646 605 677 O
630 646 858 686 corpusculum
881 604 1090 678 malaculuul)!

778 714 960 755 Olympio

1117 770 1143 799 0
1166 779 1238 800 mea
1260 769 1424 801 uxorcula.

398 811 488 849 Quae
512 811 587 843 res?

750 865 988 906 Lysidamus

603 919 687 956 Quid
711 920 783 951 est?

777 979 958 1020 Olympio

803 1033 927 1065 Institit
950 1034 1093 1074 plantam
1118 1035 1210 1074 quasi
1235 1034 1322 1065 Luca
1346 1033 1411 1065 bos.

749 1102 981 1142 Lysidamus

394 1155 478 1187 Tace
497 1157 556 1195 sis3
578 1156 697 1188 nebula
714 1156 801 1187 haud
819 1161 868 1187 est
886 1156 991 1187 mollis
1010 1166 1113 1196 aeque
1132 1161 1229 1195 atque
1248 1156 1343 1187 huius
1363 1160 1422 1187 est.

772 1222 957 1263 Olympio

395 1275 518 1316 Edepol
543 1276 696 1316 papillam
722 1276 883 1308 bellulam.
930 1276 967 1307 Ei
992 1276 1109 1307 misero
1133 1275 1219 1306 mihi.
1375 1284 1426 1308 790

748 1335 983 1376 Lysidamus

395 1389 478 1427 Quid
503 1390 576 1421 est?

778 1444 962 1485 Olympio

619 1498 736 1529 Pectus
762 1498 839 1530 mihi
864 1499 921 1529 icit.
946 1508 1008 1529 uon
1032 1497 1152 1536 cubito,
1175 1508 1288 1529 uerum
1312 1498 1422 1529 ariete.

746 1558 979 1599 Lysidamus

393 1611 476 1648 Quid
501 1616 535 1643 tu
561 1622 636 1652 ergo
660 1612 743 1643 hanc
767 1616 897 1651 tractas,
922 1623 1053 1653 quaeso,
1079 1616 1145 1643 tam
1168 1611 1250 1643 dura
1274 1612 1393 1643 manu?

393 1667 434 1697 At
457 1666 544 1704 mihi,
567 1667 622 1706 qui
647 1666 730 1697 belle
756 1667 837 1698 hanc
860 1670 976 1703 tracto,
1001 1677 1063 1697 uon
1089 1666 1164 1697 licet
1187 1666 1342 1705 tangere?

394 1719 478 1751 Uah!

772 1774 956 1815 Olympio

523 1828 606 1865 Quid
631 1828 738 1869 negoti
761 1828 832 1859 est?

391 1957 442 1982 785
461 1965 512 1989 ego
532 1957 586 1982 iam
605 1957 705 1983 tenebo
725 1955 800 1983 ΒΙΕ
967 1957 1016 1982 786
1036 1955 1136 1982 bonum
1156 1956 1242 1982 uitam
1262 1955 1329 1982 mihi
1348 1955 1422 1982 BIE

307 2000 355 2024 767
375 1998 480 2024 dedesti
503 1998 534 2031 B,
555 1999 655 2025 dedisti
676 1999 748 2025 AIE
830 2008 846 2024 0
865 2007 914 2025 om.
935 1998 1007 2025 BIE
1089 1999 1256 2025 molliculum
1276 1998 1349 2025 ΒΙΕ

307 2051 322 2066 0
341 2050 389 2067 om.
443 2043 492 2066 753
511 2043 585 2073 Quae
605 2050 648 2067 res
667 2050 716 2069 om.
739 2041 810 2068 RIE
864 2042 962 2067 incubo
983 2041 1055 2067 3111]
1104 2042 1154 2067 789
1174 2050 1259 2074 neque
1278 2049 1327 2068 om.
1348 2040 1421 2067 BIE

307 2084 353 2109 791
376 2084 458 2109 mihic
483 2084 495 2109 1
580 2085 639 2117 agit
657 2084 731 2110 BIE
817 2093 910 2110 uerum
930 2085 1016 2110 ariete
1033 2092 1083 2110 om·
1103 2083 1176 2110 ΒῙΕ
1265 2085 1316 2110 792
1333 2083 1384 2117 Qui
1405 2084 1421 2109 1

392 2127 461 2152 dum
480 2135 562 2153 mauu
581 2136 629 2154 om.
650 2126 726 2153 1311«)
792 2128 840 2153 793
860 2135 951 2153 nonne
970 2128 995 2152 A
1065 2127 1129 2152 licet.
1147 2131 1261 2159 tangere
1279 2134 1328 2153 om.
1347 2125 1420 2152 Bw

306 2170 355 2197 794
375 2168 437 2195 UIL
457 2168 531 2195 Unhu
553 2169 602 2200 31,
622 2169 707 2196 nabat.
726 2169 754 2195 E
821 2169 890 2195 SEN
960 2169 1026 2202 quid
1045 2169 1074 2196 id
1091 2170 1117 2195 Δ
