1596 2478
143 214 176 245 ll,
196 215 220 246 8,
239 214 340 241 23-32
656 214 763 240 Casina.
1229 215 1266 245 37

615 308 798 350 Olympio

143 362 268 405 Ecquid
292 373 384 394 amas
408 373 494 395 nunc
517 363 591 395 me?

586 422 823 462 Lysidamus

567 477 669 508 Immo
693 476 810 516 edepol
834 486 884 508 me
908 486 1006 517 quam
1030 478 1062 507 te
1085 475 1200 507 minus.
1221 483 1271 508 435

144 530 278 563 Licetne
303 531 455 572 amplecti
480 531 533 562 te?

613 589 804 622 Chahnus

566 644 675 682 Quid?
699 644 874 684 amplecti?

610 713 681 754 Oly
692 724 723 744 m
732 714 769 754 pi
779 724 796 742 o

913 766 1012 798 Licet.

591 827 773 868 Lysidam
783 838 826 858 us

145 882 195 915 Ut.
221 883 299 923 quia
322 886 355 914 te
379 887 487 923 tango,
513 882 574 913 mel
599 881 676 912 mihi
701 881 817 913 uideor
839 880 976 921 lingere!

614 949 796 991 Olympio

142 1005 238 1037 Ultro
262 1009 304 1042 te,
329 1004 471 1036 amator!
496 1014 601 1045 apage
624 1008 666 1035 te·
681 1014 701 1035 a
724 1003 823 1036 dorso
847 1013 928 1035 meo.

608 1071 800 1104 Chalinus

141 1127 224 1159 Illuc
248 1131 306 1166 est,
329 1126 415 1164 illuc,
440 1127 527 1168 quod
552 1127 605 1158 hic
628 1126 714 1158 hunc
737 1126 815 1158 fecit
838 1126 980 1157 uilicum.

142 1181 183 1213 Et
205 1181 291 1213 idem
316 1192 364 1212 me
388 1181 524 1222 pridem,
549 1192 646 1221 quom
671 1181 700 1212 ei
724 1181 899 1212 aduorsum
922 1190 1086 1218 ueneram,
1217 1188 1268 1213 440

144 1236 266 1268 Facere
289 1237 462 1268 atriensem
485 1235 636 1267 uoluerat
659 1235 718 1267 sub
742 1236 850 1266 ianua.

617 1304 803 1344 Olympio

144 1358 188 1389 Ut
211 1358 272 1390 tibi
296 1359 478 1399 morigerus
503 1359 610 1396 hodie,
634 1362 670 1390 ut
694 1358 858 1398 uoluptati
883 1357 944 1388 fui!

594 1426 830 1467 Lysidamus

147 1479 191 1511 Ut
214 1480 282 1519 tibi,
307 1480 381 1512 dum
407 1482 528 1519 uiuam,
553 1481 635 1512 bene
661 1480 760 1512 uelim
784 1480 857 1520 plus
882 1490 977 1520 quam
1003 1479 1088 1510 mihi.

609 1543 807 1575 Chalinus

147 1596 252 1628 Hodie
277 1596 395 1634 hercle,
421 1598 545 1638 opinor,
569 1597 602 1628 hi
628 1597 876 1629 conturbabunt
899 1596 1008 1638 pedes.

145 1649 234 1681 Solet
257 1650 309 1682 hic
332 1651 490 1684 barbatos
514 1662 591 1683 sane
615 1652 735 1683 sectari
760 1662 868 1683 senex.
1225 1660 1277 1685 445

586 1720 832 1761 Lysidamus

146 1772 190 1804 Ut
213 1783 272 1814 ego
297 1773 395 1805 hodie
419 1773 570 1806 Casinam
594 1774 826 1810 deosculabor!
850 1778 887 1805 ut
909 1774 988 1805 mihi

146 1826 236 1858 Bona
260 1827 362 1859 multa
386 1828 501 1860 faciam
525 1828 601 1860 clam
627 1839 733 1860 meam
755 1829 904 1860 uxorem!

612 1887 636 1919 C
643 1888 754 1919 halin
764 1900 784 1919 u
792 1899 806 1919 s

958 1932 1102 1969 Attatae,

233 2031 283 2057 435
301 2031 403 2065 Ecquis
422 2032 469 2058 IE
547 2034 598 2059 437
617 2037 698 2059 tanto
718 2032 746 2058 E
828 2034 880 2059 438
899 2033 1005 2059 CHAL.
1077 2043 1093 2059 a
1111 2037 1191 2067 patre
1212 2037 1239 2060 te
1259 2035 1278 2060 Ι

145 2074 195 2100 439
215 2074 311 2100 CHAL
330 2083 380 2101 om.
475 2075 522 2101 hic
541 2083 591 2102 om.
611 2075 641 2102 E
729 2077 779 2101 442
798 2076 934 2102 morierus
953 2076 980 2102 Β
1064 2077 1115 2102 443
1135 2077 1199 2103 dum
1220 2083 1274 2103 una

147 2117 216 2142 bene
234 2117 255 2143 Ι
333 2119 383 2144 444
401 2118 436 2143 iis
454 2117 519 2145 BE.
539 2119 562 2143 is
582 2118 604 2144 I
666 2119 850 2145 evmturhabit
868 2119 889 2145 I
955 2120 1006 2145 445
1025 2128 1110 2146 senex
1129 2121 1229 2146 sectari
1247 2119 1274 2146 B

146 2160 196 2184 447
215 2159 285 2186 elam
305 2167 354 2186 om.
443 2164 515 2187 attat
534 2170 569 2187 ne
588 2162 611 2192 Ι,
632 2166 726 2187 artare
745 2161 774 2187 E
