1596 2478
318 185 380 215 228
835 182 926 208 Plauti
1246 184 1276 217 V,
1294 186 1320 217 ’1,
1339 186 1440 212 22—85

317 277 413 319 Eripe
438 277 566 309 oculum
589 277 653 314 isti,
678 276 718 308 ab
742 275 875 309 humero
899 277 956 318 qui
975 278 1002 308 te
1020 281 1121 316 tenet,
1145 288 1209 316 ere,
1229 283 1262 310 te
1280 279 1439 320 obsecro;

317 331 413 363 Hisce
438 342 498 371 ego
522 331 586 362 iam
609 333 787 362 sementem
805 331 837 362 in
856 341 910 362 ore
928 330 1046 363 faciam
1067 342 1259 374 pugnosque
1278 333 1437 366 obseram.

315 385 467 417 Maxumo
493 384 600 416 hercle
625 384 721 416 hodie
745 384 830 416 malo
854 388 968 417 uostro
991 386 1098 417 istunc
1122 385 1231 426 fertis;
1255 388 1384 419 mittite.

731 438 763 470 M
773 449 789 470 e
804 437 1019 471 naechmus

317 493 423 525 Teneo
447 503 507 533 ego
531 492 606 524 huic
629 491 766 524 oculum.

774 551 976 584 Messenio

618 607 702 638 Face
726 610 762 638 ut
785 605 871 638 oculi
897 605 988 638 locus
1011 607 1043 638 in
1067 608 1175 648 capite
1199 607 1366 649 adpareat.
1387 618 1438 644 995

317 660 383 692 Uos
406 660 545 699 scelesti,
568 670 626 692 uos
650 670 796 700 rapaoe8‚
822 670 882 692 uos
906 660 1088 700 praedones
1115 678 1151 683 —

796 725 958 757 Lorarii

1165 769 1329 801 Periimus.

315 811 470 849 Obsecro,
494 811 613 844 hercle.

777 864 976 896 Messenio

654 919 774 951 Mittite
799 928 885 959 ergo.

733 972 1016 1005 Menaechmus

937 1026 1022 1064 Quid
1046 1037 1097 1059 me
1121 1027 1214 1059 uobis
1238 1028 1392 1060 tactiost?

317 1070 412 1102 Pecte
436 1071 564 1110 pugnis.

773 1124 977 1156 Messenio

617 1179 720 1218 Agite,
746 1177 844 1215 abite,
869 1178 970 1218 fugite
996 1178 1071 1209 hinc
1095 1178 1127 1209 in
1153 1178 1270 1211 malam
1294 1189 1434 1218 crucem,

315 1232 373 1263 Em
397 1231 456 1264 tibi
481 1233 594 1271 etiam;
618 1233 696 1272 quia
720 1235 903 1273 postremus
927 1232 1024 1270 cedis,
1049 1232 1110 1264 hoc
1135 1233 1258 1273 praemi
1281 1232 1373 1265 feres.

314 1286 416 1318 Nimis
441 1286 526 1319 bona
549 1287 630 1318 hora
653 1287 839 1317 conmetaui
865 1289 964 1326 atque
989 1296 1026 1317 ex
1050 1297 1124 1318 mea
1147 1287 1317 1319 sententia.
1368 1296 1435 1322 1000

314 1339 447 1381 Edepol,
471 1351 535 1379 ere,
558 1351 597 1372 ne
620 1340 680 1372 tibi
704 1341 872 1381 suppetias
896 1340 1031 1380 temperi
1056 1340 1175 1372 adueni
1198 1341 1303 1373 modo.

733 1405 1014 1438 Menaechmus

314 1461 355 1492 At
379 1461 437 1492 tibi
462 1461 494 1492 di
520 1470 655 1501 semper,
680 1459 881 1498 adulescens,
905 1460 1054 1501 quisquis
1079 1470 1122 1499 es,
1147 1460 1269 1492 faciant
1291 1460 1391 1499 beue3

314 1514 396 1546 Nam
419 1514 545 1556 absque
573 1517 605 1546 te
634 1518 735 1553 esset,
766 1513 862 1546 hodie
891 1524 1066 1555 numquam
1090 1514 1132 1546 ad
1156 1514 1256 1546 solem
1281 1524 1431 1547 occasum

1028 1569 1184 1600 uiuerem.

773 1622 970 1654 Messenio

314 1677 398 1717 Ergo
422 1676 549 1717 edepol,
573 1676 600 1708 si
623 1681 711 1708 recte
735 1675 849 1715 facias,
873 1687 937 1711 ere,
961 1686 1011 1708 me
1036 1676 1170 1708 emittas
1194 1687 1298 1708 manu.

733 1735 1014 1769 Menaechmus

314 1790 464 1823 Liberem
489 1800 548 1831 ego
571 1790 625 1822 te?

379 1911 430 1936 992
448 1910 495 1944 qui
514 1912 607 1936 tenete
626 1911 683 1935 rete
727 1910 777 1935 994
796 1908 879 1935 hodie
899 1909 971 1934 malo
991 1909 1084 1935 hercle
1127 1909 1246 1936 995—98
1254 1916 1434 1942 personarum

312 1955 392 1979 notas
410 1960 460 1979 om.
482 1951 517 1979 Β.
592 1952 642 1978 996
660 1951 769 1985 rapacis
851 1951 1006 1984 praedones
1025 1951 1148 1984 perimus
1235 1952 1286 1977 997
1304 1951 1392 1979 hercli
1414 1951 1436 1978 C

380 1996 491 2021 tactiosi
511 1994 533 2021 C
599 1995 650 2021 998
667 1994 762 2020 habite
832 1995 882 2020 999
901 1994 943 2020 En
1015 1995 1081 2020 1000
1100 1993 1189 2020 Nimis
1209 1997 1257 2020 aut
1275 1995 1344 2021 bene
1363 1994 1433 2021 hora

381 2038 501 2064 setentia
521 2037 542 2064 C
604 2038 665 2063 1001
687 2040 812 2070 tempore
869 2037 934 2063 1003
953 2036 1079 2070 Namque
1099 2035 1125 2062 Β
1180 2036 1226 2062 ted
1247 2036 1269 2064 Ο
1318 2045 1333 2063 a
1353 2036 1375 2063 C

313 2088 463 2107 occausum
483 2079 504 2106 C
580 2080 674 2106 uiuere
692 2079 719 2106 Β
800 2080 866 2106 1004
884 2079 1003 2113 hedepol
1024 2079 1051 2105 B
1128 2087 1175 2106 ore
1194 2078 1216 2105 C
1292 2079 1386 2105 mittas
1407 2078 1433 2106 Β

314 2123 379 2149 1005
398 2123 530 2150 Liberum
550 2122 583 2155 B,
602 2122 729 2149 libertem
751 2121 774 2149 C
