1596 2478
310 160 350 189 92
828 158 919 185 Plauti
1225 156 1253 184 11
1261 178 1267 190 ,
1289 159 1312 189 l,
1331 157 1433 184 85-45

796 252 945 283 Tranio

312 306 395 337 Ecce
415 310 521 337 autem
540 306 651 336 itm-um
670 305 723 337 hic
747 305 913 346 deposiuit
936 309 1036 346 caput
1059 309 1091 337 et
1115 305 1244 337 dormit.
1291 305 1430 336 Suscita..

737 372 1002 404 Philolaches

312 426 417 457 Etiam
441 426 584 465 uigilas'?
628 426 734 465 Pater,
759 427 902 468 inquam,
928 427 1035 458 aderit
1058 428 1120 458 iam
1146 427 1198 458 hic
1221 437 1318 458 meus.

721 494 1024 526 Callidamates

1091 548 1151 579 Ain
1177 551 1221 585 tu,
1246 548 1365 589 pater?
1383 557 1434 582 375

312 599 399 632 Cedo
423 601 531 632 soleas
554 602 648 640 mihi,
678 606 714 634 ut
737 612 828 634 arma
851 603 996 642 capiam3
1031 603 1096 633 iam
1126 602 1178 642 pol
1203 612 1261 641 ego
1285 602 1433 634 occidam

1029 661 1164 696 patrem.

742 715 1003 747 Philolaches

314 767 425 799 Perdis
449 779 532 807 rem;
556 772 629 800 tace
647 769 774 801 amabo.
810 769 955 810 Abripite
974 769 1060 800 hunc
1078 769 1164 800 intro
1183 772 1328 800 actutum
1347 769 1434 800 iuter

1030 833 1154 854 manus.

722 881 1020 914 Callidamates

312 935 381 967 Iam
405 936 512 967 hercle
536 946 596 976 ego
619 946 678 967 uos
702 946 761 976 pro
786 936 910 967 matula
933 935 1072 973 habebo,
1097 936 1159 967 nisi
1179 935 1256 967 mihi
1278 935 1434 967 matulam

1031 989 1126 1020 datis.

739 1048 1004 1080 Philolaches

313 1091 408 1122 Perii.

798 1150 945 1182 Tranio

374 1204 466 1236 Habe
480 1204 599 1236 bonum
613 1206 772 1244 auimum;
796 1215 857 1243 ego
870 1205 969 1236 istum
982 1204 1088 1245 lepide
1104 1205 1292 1237 medicabor
1306 1209 1435 1237 metum.

744 1272 1005 1304 Philolaches

314 1314 432 1347 Nullus
457 1326 537 1348 sum.

800 1375 947 1406 Tranio

480 1429 621 1467 Taceas;
645 1439 713 1469 ego,
738 1430 794 1471 qui
818 1429 920 1460 istaec
944 1428 1062 1466 sedem,
1089 1428 1272 1461 meditabor
1295 1430 1364 1461 tibi.
1385 1438 1436 1464 380

315 1482 407 1515 Satin
431 1483 547 1521 habes,
577 1484 603 1514 si
633 1494 692 1523 ego
716 1483 946 1515 aduenientem
970 1483 1018 1514 ita
1041 1486 1167 1523 patrem
1192 1482 1308 1514 faciam
1334 1487 1435 1521 tuum,

315 1536 387 1568 Non
411 1537 507 1568 modo
531 1547 571 1568 ne
595 1537 681 1568 intro
704 1541 769 1575 eat,
804 1548 918 1568 uerum
948 1537 1046 1568 etiam
1078 1540 1115 1567 ut
1143 1536 1247 1576 fugiat
1276 1537 1370 1577 longe
1394 1537 1435 1568 ab

1031 1589 1169 1621 aedibus
1178 1590 1193 1621 P

316 1644 380 1676 Uos
394 1645 490 1676 modo
504 1644 578 1676 hinc
591 1644 679 1677 abite
693 1645 780 1676 intro
799 1649 898 1685 atque
911 1644 993 1676 haec
1007 1644 1082 1675 hinc
1098 1654 1234 1685 propere
1249 1643 1434 1675 amolimini.

746 1713 769 1744 P
778 1713 980 1745 hilolache
991 1724 1005 1744 s

317 1755 379 1787 Ubi
403 1765 463 1795 ego
487 1756 564 1787 ero?

799 1815 947 1847 Tranio

532 1869 594 1900 Ubi
618 1880 767 1901 maxume
791 1880 861 1900 esse
886 1869 946 1906 uis,
970 1879 1042 1900 cum
1067 1868 1137 1906 hac,
1161 1879 1232 1900 cum
1257 1869 1339 1899 istac
1363 1868 1435 1899 eris.

383 1963 433 1988 374
453 1963 553 1988 iterum
572 1971 621 1989 om.
685 1962 812 1995 deposuit
875 1962 992 1987 suscitat
1058 1962 1108 1986 375
1127 1960 1233 1986 adherit
1297 1964 1326 1985 tu
1346 1967 1396 1986 οηι.
1417 1959 1439 1985 G

315 2007 366 2032 378
384 2006 450 2031 mihi
471 2013 511 2031 om
541 2005 564 2031 G
630 2006 680 2030 879
698 2004 856 2030 meditabor
876 2004 908 2033 B.
930 2003 1071 2029 meditabo
1091 2004 1114 2030 0
1173 2011 1279 2029 mecum
1300 2002 1322 2028 C
1386 2003 1437 2028 380

316 2048 429 2074 Nullum
519 2048 572 2073 ista
591 2048 642 2074 hee
733 2050 779 2073 381
803 2051 878 2072 tuum
899 2046 960 2072 Non
981 2046 1064 2072 modo
1083 2046 1147 2073 hinc
1167 2046 1241 2071 abite
1260 2046 1334 2071 intro
1354 2049 1436 2078 utque

315 2090 366 2116 hec
387 2090 482 2123 inquid
553 2091 603 2115 382
622 2090 697 2116 iutro
717 2092 746 2115 at.
