1596 2478
150 190 192 223 lv,
212 193 235 221 2.
254 192 356 216 71—80
614 190 795 217 Menaechmi.
1202 192 1262 220 203

561 285 590 316 M
600 296 617 316 e
627 296 646 316 n
655 296 674 316 a
684 295 700 316 θ
711 296 727 316 c
736 285 756 316 h
766 296 794 316 m
806 296 826 316 u
835 295 849 315 s

149 339 229 378 Quin
254 342 289 370 ut
313 338 433 370 dudum
457 339 576 370 dium-ti
603 339 661 370 abs
686 344 727 371 te,
753 339 849 370 redeo
874 348 959 370 nunc
976 338 1104 369 demum
1123 337 1263 369 domum-

596 415 814 447 Peniculus

149 469 230 500 Noui
255 480 313 507 ego
342 474 383 500 te.
432 469 501 500 Nun
527 469 604 500 mihi
629 469 785 500 censebas
811 480 891 505 esse,
915 470 970 510 qui
996 473 1027 500 te
1053 469 1236 500 ulciscerer.

148 522 265 554 Omnia
289 523 395 555 hercle
419 525 510 555 uxori
535 524 611 555 dixi.

562 600 594 632 M
603 611 619 632 e
630 611 648 631 n
659 612 701 632 ae
710 600 754 631 ch
763 612 792 632 m
802 612 820 632 u
831 612 845 632 s

660 654 744 692 Quid
770 655 906 686 dixisti?

593 732 814 764 Peniculus

954 786 1086 825 Nesci03
1215 795 1265 820 625

146 829 224 860 Ean]
249 840 339 870 ipsus
363 840 451 869 roga.

560 888 846 932 Menaechmus

353 954 438 992 Quid
462 956 523 987 hoc
547 960 604 993 cst,
630 959 730 987 uxor?
754 955 908 997 quidnam
935 955 986 986 hie
1011 957 1159 987 narrauit
1183 955 1266 986 tibi?

146 1009 227 1047 Quid
252 1009 284 1040 id
308 1012 379 1041 cst?
425 1009 509 1047 Quid
533 1013 645 1041 taces?
669 1011 745 1050 quin
771 1010 863 1047 dicis,
888 1010 966 1049 quid
992 1011 1055 1041 sit?

610 1087 640 1118 M
651 1090 717 1119 atr
726 1098 772 1119 on
782 1098 801 1119 a

949 1140 1048 1178 Quasi
1073 1144 1107 1172 tu
1132 1141 1266 1179 nescias,

147 1184 197 1215 Me
220 1194 327 1223 rogas.

566 1254 846 1285 Menaechmus

332 1307 387 1338 Pol
412 1307 499 1338 haud
523 1318 633 1347 rogem
658 1312 699 1347 te,
723 1309 748 1339 si
774 1308 884 1339 sciam.

613 1385 643 1417 M
653 1388 716 1416 atr
725 1397 743 1417 0
752 1397 771 1416 n
780 1396 799 1416 a

891 1442 916 1471 Ο
941 1440 1102 1470 hominem
1130 1439 1247 1471 malum
1261 1439 1266 1470 ἶ

149 1492 191 1524 Ut
215 1493 414 1524 dissimulat!
460 1494 530 1525 Non
555 1498 647 1534 potes
672 1493 794 1532 ccla1·e;
821 1505 887 1525 rem
913 1495 990 1525 noui
1016 1494 1127 1534 probe.

597 1571 814 1602 Peniculus

146 1624 262 1656 Omnia
286 1624 394 1656 hercle
418 1636 476 1664 ego
501 1625 652 1657 edict-aui.

562 1702 847 1734 Menaechmus

651 1756 736 1794 Quid
760 1757 794 1788 id
817 1759 888 1789 est?

612 1835 798 1866 Matrona

819 1888 956 1926 Quando
981 1889 1060 1920 nihil
1086 1890 1196 1929 pudet,
1217 1899 1268 1924 630

146 1941 259 1982 Neque
284 1943 334 1972 uis
358 1946 415 1973 tua
440 1942 608 1974 uoluntate
631 1943 700 1983 ipse
724 1943 879 1984 profiteri,
904 1943 979 1974 audi
1004 1948 1103 1984 atque
1127 1944 1222 1981 πάθες

214 2057 264 2081 623
284 2056 392 2082 deuorti
482 2056 559 2081 adste
580 2055 601 2081 C
682 2057 732 2081 624
753 2056 917 2082 uolciscerer
995 2058 1045 2083 626
1065 2057 1133 2083 Eam
1152 2058 1213 2091 plus
1232 2058 1266 2088 B,

147 2098 311 2131 Eampsusei
333 2098 354 2124 C
436 2098 504 2124 Post
521 2100 571 2124 627
591 2099 690 2132 legitur
707 2100 759 2125 633
777 2107 827 2125 suo
847 2099 903 2125 loco
922 2099 1037 2126 rediens.
1122 2101 1172 2126 628
1192 2101 1227 2125 ho
1248 2100 1270 2126 0

147 2141 197 2166 629
216 2146 311 2174 potest
330 2141 356 2166 B
399 2144 445 2168 631
469 2141 593 2175 porfiteri
615 2142 636 2168 C
679 2142 772 2168 audiat
793 2142 839 2175 qui
855 2141 890 2174 B,
910 2142 1010 2168 audeat
1028 2143 1074 2176 qui
1088 2143 1110 2169 C
1151 2142 1267 2169 adestB

1573 917 1577 995 ἓ

1573 1015 1577 1059 ἶ

1573 1071 1577 1102 k
