1596 2478
297 172 359 200 260
787 168 930 202 Epidicus.

384 266 453 295 184.
487 265 587 294 Sceuae
614 265 734 293 titulum
763 265 831 294 dedi
861 275 897 294 ex
924 265 962 301 B,
993 266 1049 295 nisi
1079 266 1159 304 quod
1189 276 1224 295 ex
1252 267 1278 296 A
1306 267 1418 297 adscivi

295 318 442 346 ordinem:
468 315 717 345 PERIPHANES
740 316 969 346 APOECIDES.
1015 317 1168 346 Canticum
1191 318 1348 347 iambicum
1372 321 1416 348 in-

295 369 368 407 cipit
391 379 406 396 n
429 367 544 396 duobus
568 369 766 405 quaternariis
791 368 934 403 iambicis,
964 378 1089 406 quorum
1115 370 1273 407 posteriori
1297 370 1419 398 additur

295 419 522 456 semiquinarius
547 418 701 453 iambicus;
725 423 891 456 sequuntur
915 422 1058 457 quattuor
1080 420 1223 448 octonarii
1248 423 1278 447 et
1297 424 1417 458 quater-

295 472 403 499 narius.
456 466 495 498 St
518 472 601 498 extra
624 479 762 498 numeros
786 473 839 498 est.
894 470 993 499 Primo
1018 481 1104 499 versu
1125 470 1267 508 Epidicus
1290 481 1325 499 ex
1348 471 1417 500 aedi-

295 522 349 550 bus
378 520 537 549 Chaeribuli
573 521 672 548 exiens
707 520 809 549 herum
844 524 874 549 et
908 523 1031 550 amicum
1062 523 1124 550 eius
1159 524 1256 550 tacere
1286 525 1316 551 et
1345 523 1418 551 bene

294 582 413 610 sperare
437 571 529 599 iubet.
583 567 622 600 St
645 569 745 607 tacete,
771 573 851 609 quod
876 573 931 600 iam
956 572 1142 600 Camerarius
1166 572 1361 608 divinaverat‚
1387 575 1416 603 in

294 626 318 652 A
331 627 438 652 exstat.
450 637 490 642 —
508 623 565 651 185
580 633 645 660 sqq.
666 622 734 651 Haec
752 622 894 661 Epidicus
911 633 1021 652 secum.
1056 620 1196 660 auspicio
1213 620 1302 658 foras
1321 628 1350 653 et
1367 625 1416 653 alii

294 675 382 703 scribi
401 675 560 702 voluerunt
578 677 608 701 et
625 673 758 702 Studem.
773 673 856 702 stud.
871 675 882 702 Ι
895 685 923 712 p.
943 675 999 710 44;
1025 675 1122 707 „foras
1141 674 1293 712 auspicio⁴⁴
1315 677 1416 711 codd.,

294 724 349 755 aui
365 723 506 760 sinistra,
531 725 610 762 quod
629 726 718 753 etiam
737 726 762 752 A
781 725 879 759 habet,
904 725 993 754 Weis.
1015 726 1098 754 uncis
1115 725 1244 754 seclusit.
1290 726 1417 756 Prorsus

293 777 390 806 simile
413 779 458 805 est
483 776 587 804 Pseud.
614 777 689 804 766:
724 776 799 811 „Aui
822 777 953 813 sinistra,
978 777 1109 814 auspicio
1132 776 1246 814 liquido
1269 781 1358 815 atque
1382 789 1417 807 ex

293 826 470 858 sententia“.
527 827 654 856 Sinistra
678 827 808 864 auspicia
832 827 987 861 Romanis,
1022 827 1133 855 Graecis
1163 828 1271 856 dextra
1294 829 1417 858 meliora

293 881 357 909 visa
381 889 444 908 esso
468 881 499 907 et
522 888 556 906 ex
580 878 722 906 Cicerone
746 875 794 914 (de
812 877 942 906 Divinat.
963 878 998 913 ΙΙ,
1025 879 1073 913 39,
1099 875 1150 915 82)
1173 882 1202 907 et
1226 889 1261 907 ex
1284 879 1416 909 Varrone

293 934 395 960 notum
419 934 477 963 est,
507 931 557 967 qui
581 939 698 958 causam
724 928 792 957 inde
816 931 938 967 repetit,
970 930 1049 967 quod
1073 933 1103 958 et
1124 930 1235 968 templo
1258 933 1288 958 et
1312 933 1415 969 auguri

293 982 426 1019 auspicia
449 981 578 1018 capienti
601 981 723 1008 sinistra
746 990 815 1017 pars
838 981 979 1009 orientem
1003 981 1094 1010 solem
1125 984 1252 1019 spectet,
1285 991 1312 1010 v.
1337 981 1415 1010 Fest.

292 1044 321 1071 p.
348 1034 419 1061 339.
466 1032 549 1060 Varr.
576 1031 608 1060 L.
634 1031 666 1059 L.
693 1031 756 1066 VII,
782 1032 808 1059 7.
841 1046 877 1050 —
917 1032 984 1060 186.
1017 1032 1199 1061 exenterem.
1249 1032 1416 1070 „Loquitur

292 1084 329 1112 de
352 1084 430 1112 senis
454 1083 625 1120 marsuppio
648 1085 683 1110 ut
705 1081 742 1110 de
765 1083 859 1120 pisce,
889 1084 935 1110 cui
960 1083 1050 1120 ἔντερα
1073 1083 1236 1111 eruuntur⁴⁴
1263 1083 1353 1113 Grou.
1378 1085 1414 1113 cf.

294 1134 364 1164 510.
390 1135 460 1163 670.
486 1135 556 1163 321.
581 1149 622 1153 —
654 1134 722 1162 187.
754 1141 839 1162 erum
863 1141 964 1162 meum
987 1133 1078 1171 atque
1101 1134 1204 1164 Goetz.
1229 1135 1314 1170 adil.;
1347 1136 1415 1164 Aci-

293 1187 388 1215 dalius
414 1188 462 1221 „et
484 1183 685 1223 Apoecidem“
712 1185 887 1223 scripserat3
910 1186 1079 1223 superiores
1104 1185 1180 1213 male
1195 1185 1415 1224 „Apoecidae“.

292 1252 332 1257 —
359 1238 428 1266 188.
459 1237 546 1265 Prior
570 1246 673 1265 versus
696 1246 765 1274 pars
788 1238 874 1264 vacat
898 1237 926 1264 in
951 1236 981 1263 B.
1015 1252 1054 1256 —
1088 1238 1155 1265 189.
1187 1235 1338 1273 951381199ὸο
1361 1247 1416 1275 pro

293 1299 447 1326 exsugam,
482 1288 555 1316 mira
584 1288 693 1322 forma,
727 1288 774 1315 cui
809 1297 899 1315 unum
929 1289 1093 1325 comparari
1122 1291 1222 1325 potest
1250 1288 1416 1317 Novianum

296 1338 436 1374 „dicebo“
468 1339 547 1376 apud
577 1339 653 1368 Non.
686 1349 714 1376 p.
741 1338 811 1366 507.
869 1337 953 1373 Quod
983 1339 1021 1368 ad
1050 1339 1077 1368 h.
1103 1339 1120 1366 l.
1146 1341 1268 1375 attinet,
1305 1339 1416 1368 Nonius

292 1401 320 1428 p.
336 1392 410 1419 479:
441 1390 582 1423 „Plautus
606 1391 635 1418 in
654 1389 794 1428 Epidico:
821 1391 877 1418 iam
903 1398 956 1425 ego
980 1400 1026 1418 me
1048 1393 1165 1418 uortam
1190 1391 1218 1418 in
1242 1390 1414 1419 erundinem

293 1443 390 1478 Atque
414 1451 515 1470 eorum
539 1441 673 1478 exugebo
697 1438 900 1478 sanguinem“.
952 1440 1007 1469 Sed
1032 1441 1108 1469 idem
1133 1451 1161 1479 p.
1190 1442 1262 1470 102:
1301 1441 1414 1477 „Exor-

293 1492 368 1520 bobo
391 1503 446 1530 pro
471 1492 636 1520 exorbeam.
688 1491 811 1520 Plautus
835 1491 973 1529 Epidico:
1010 1493 1066 1520 iam
1096 1502 1151 1528 ego
1175 1502 1220 1520 me
1243 1496 1415 1521 conuortam

293 1545 321 1571 in
352 1543 506 1572 irundines
529 1544 628 1581 Atque
657 1543 761 1571 horum
791 1543 939 1571 exorbebo
969 1542 1182 1581 esnguinem“;
1217 1546 1249 1571 ut
1273 1547 1417 1582 appareat.

293 1595 382 1623 fuisse
405 1596 456 1632 qui
483 1591 684 1630 „exsorbebo“
711 1594 852 1631 legerent.
889 1609 926 1614 —
965 1595 1032 1623 190.
1069 1591 1181 1623 Senaii
1203 1592 1257 1631 qui
1278 1590 1417 1623 columen

292 1643 408 1680 cluent,
445 1647 462 1674 i.
496 1656 520 1674 e.
556 1646 605 1683 qui
641 1648 760 1674 senatus
794 1647 945 1683 principes
979 1646 1137 1682 dicuntur,
1177 1646 1213 1674 cs.
1249 1645 1312 1674 Cas.
1345 1647 1415 1674 515.

292 1697 406 1725 Nonius
430 1708 458 1735 p.
484 1697 544 1725 484
569 1707 591 1726 s.
616 1707 643 1725 v.
670 1696 800 1732 „senati“
828 1700 857 1726 ct
879 1697 956 1726 hunc
979 1700 1010 1725 et
1032 1697 1106 1725 alios
1129 1696 1209 1725 locos
1233 1696 1328 1725 affert.

382 1749 449 1776 191.
474 1747 663 1785 Colloquium
681 1757 782 1776 senum
803 1751 833 1776 et
851 1758 918 1777 mox
932 1748 1048 1786 Epidici
1066 1748 1242 1785 septenariis
1259 1747 1416 1776 trochaicis

292 1799 434 1836 scriptum
459 1802 518 1834 est,
549 1800 604 1827 nisi
628 1799 706 1836 quod
734 1800 878 1827 194—96
903 1799 1019 1827 iambici
1049 1799 1193 1828 octonarii
1223 1801 1300 1828 sunt.
1357 1799 1416 1828 Sed

293 1851 321 1877 in
357 1851 503 1888 principio
543 1850 658 1887 aliquot
697 1860 798 1878 versus
837 1850 1024 1885 exciderunt,
1066 1853 1099 1878 ut
1139 1849 1416 1878 animadverterunt

294 1900 326 1928 R.
351 1901 492 1935 Mueller,
527 1901 660 1929 Studem.
686 1901 750 1930 Iud.
774 1901 939 1939 Gryphisw.
970 1902 1129 1929 1870—71
1164 1910 1192 1938 p.
1219 1902 1275 1936 20,
1310 1900 1414 1930 Goetz.

292 1952 427 1980 Analect..
458 1962 486 1989 p.
521 1953 588 1980 111.
646 1952 834 1989 Palimpsesti
870 1952 971 1980 folium
1005 1962 1030 1979 v.
1066 1952 1230 1981 186—214
1260 1953 1414 1980 continens

292 2002 389 2038 deest3
425 2002 476 2030 sed
500 2005 529 2030 ct
553 2003 626 2031 ordo
655 2004 805 2031 nominum
835 2012 929 2031 scenae
960 2004 1228 2041 suprascriptorum
1258 2002 1414 2031 ostendere

294 2053 410 2083 videtur
445 2054 573 2091 priorem
608 2054 737 2083 locutum
772 2063 834 2082 esse
869 2053 1084 2091 Periphanem,
1119 2056 1148 2082 et
1182 2053 1299 2089 solium,
1333 2053 1413 2090 quod
