1596 2478
312 225 351 254 84
826 219 916 246 Plauti
1251 217 1272 249 1,
1294 218 1316 249 l,
1338 217 1433 243 16—81

820 313 926 345 Lena

313 369 405 407 Quod
430 368 484 400 ille
510 367 602 402 dixit,
625 368 679 408 qui
706 367 848 398 secundo
874 371 971 398 uento
995 370 1126 398 uectust

312 422 501 462 Tranquillo
526 431 623 457 mare,
647 425 780 452 uentum
805 421 930 460 gaudeo
955 425 1084 452 ecastor
1107 420 1148 451 ad
1174 425 1214 455 te,
1406 427 1436 451 16

314 477 364 508 Ita
388 476 484 507 hodie
508 475 560 506 hic
584 478 739 515 acceptae
764 485 874 506 sumus
899 475 1055 506 suauibus
1079 474 1193 510 modia

313 530 381 562 Nec
409 530 471 561 uisi
502 528 674 569 disciplina
703 528 789 569 apud
814 532 846 560 te
871 528 933 560 fuit
956 528 1136 569 quidquam
1162 527 1222 561 ibi,
1256 527 1334 567 quin
1359 525 1436 556 mihi

1031 581 1187 622 placeret.

772 647 974 679 Selenium

316 701 400 740 Quid
425 702 482 738 ita,
506 700 649 733 amabo?

821 755 925 786 Lena

397 810 482 841 Raro
507 809 591 841 enim
617 808 718 840 dabat
741 808 828 849 quod
854 807 1014 845 biberem;
1038 807 1071 839 id
1096 817 1219 838 merum
1245 805 1438 837 infuscabat.

750 885 1005 926 Gymnasium

315 940 449 978 Amabo,
472 940 578 971 hicine
604 940 687 971 istuc
711 939 827 970 decet?

821 1015 927 1046 Lena

874 1069 992 1110 Iusque
1017 1068 1130 1110 sasque
1154 1072 1218 1107 θεῖς

315 1124 418 1156 Nemo
443 1123 568 1155 alienus
592 1123 646 1154 hic
670 1127 728 1154 est.

777 1194 980 1225 Selenium

791 1248 908 1280 Merito
933 1251 1045 1279 nostro
1070 1258 1142 1279 amo
1167 1257 1236 1284 uos,
1408 1255 1442 1280 20

319 1301 402 1338 Quia
425 1312 475 1333 me
499 1301 607 1333 colitis
632 1305 664 1333 et
688 1303 794 1342 magni
820 1302 938 1333 facitis.

825 1379 931 1410 Lena

960 1432 1062 1464 Decet
1085 1431 1148 1472 pol,
1173 1441 1244 1463 mea
1268 1430 1441 1469 Selenium,

404 1485 496 1517 Hunc
520 1496 592 1517 esse
617 1486 762 1517 ordinem
787 1485 1021 1518 beneuolentes
1044 1486 1130 1517 inter
1153 1496 1186 1516 se

523 1538 675 1579 Beneque
699 1541 845 1572 amicitia
868 1541 963 1577 utier,

319 1592 378 1623 Ubi
404 1593 484 1623 istas
507 1593 622 1625 uideas
647 1604 772 1624 summo
795 1604 913 1634 genere
937 1598 1054 1634 gnatas
1073 1593 1242 1625 summatis
1263 1597 1438 1630 matronas,

320 1646 362 1677 Ut
385 1647 562 1677 amicitiam
592 1647 702 1679 colunt
733 1651 832 1688 atque
863 1651 899 1678 ut
927 1658 999 1678 eam
1030 1649 1174 1679 iunctam
1204 1647 1288 1678 bene
1318 1646 1441 1678 habent

1034 1702 1120 1733 inter
1144 1711 1187 1732 se.
1408 1709 1441 1734 25

319 1754 365 1795 [Si
389 1754 474 1785 idem
499 1755 585 1786 istud
611 1765 669 1786 nos
693 1754 874 1795 faciamus]
900 1756 925 1786 si
951 1755 1034 1786 idem
1059 1756 1233 1793 imitamur,
1262 1755 1309 1786 ita
1332 1759 1438 1786 tamen

1033 1810 1088 1840 uix
1111 1810 1249 1840 uiuimus

318 1861 398 1893 Cum
432 1862 557 1893 inuidia
591 1873 726 1894 summa.
796 1862 949 1903 [Suarum
993 1873 1090 1903 opum
1127 1873 1184 1894 nos
1218 1862 1335 1894 uolunt
1368 1872 1439 1894 esse

1034 1915 1243 1957 indigentes]

406 2027 435 2050 14
454 2025 501 2051 GY
611 2028 708 2051 uectus
727 2028 770 2051 est
860 2027 890 2051 15
908 2026 1007 2052 mariI
1111 2028 1141 2051 17
1160 2025 1224 2052 Noec
1243 2025 1278 2057 B.
1302 2026 1376 2052 Haec
1395 2025 1443 2052 IE

321 2068 351 2093 18
369 2066 448 2099 Quod
468 2066 497 2093 E
580 2075 643 2093 rai-o
662 2068 778 2093 nimium
797 2068 883 2094 dabat
957 2069 986 2093 19
1004 2068 1113 2095 hiccine
1132 2068 1183 2099 BI,
1202 2069 1246 2094 hic
1265 2069 1325 2094 eine
1344 2067 1374 2094 E

319 2109 392 2135 istud
412 2109 460 2135 JE
558 2111 587 2135 21
610 2110 736 2136 silenium
755 2110 782 2136 B
878 2112 911 2136 22
930 2111 1116 2138 beniuolentia
1131 2111 1166 2142 Β,
1187 2112 1256 2137 bene
1276 2111 1395 2137 uolentis
1404 2110 1440 2143 Ε,

318 2153 418 2177 22-23
437 2159 490 2178 uno
507 2160 585 2178 versu
657 2154 690 2179 25
709 2154 762 2178 ami
782 2153 852 2178 ciam
871 2152 898 2178 B
