1596 2478
335 144 375 174 98
841 144 933 171 Plauti
1249 146 1285 176 11,
1303 147 1328 177 2,
1346 147 1447 173 34—44

816 238 962 271 Tranio

334 291 454 330 Metuo,
478 295 510 323 te
535 295 633 333 atque
656 292 737 324 istos
761 293 891 333 expiare
915 296 951 325 ut
974 294 1108 334 possies.
1396 304 1446 330 455

740 352 1049 393 Theopropides

335 406 438 444 Quam
457 406 498 438 ob
518 406 607 438 rem?
631 410 687 438 aut
704 417 801 447 quam
819 406 927 438 subito
947 418 1014 438 rem
1034 407 1111 439 mihi
1129 407 1284 449 adportas
1303 411 1445 441 nouam?

815 466 962 498 Tranio

334 520 405 558 Ere,
428 519 520 557 heus,
543 519 618 551 iube
640 519 714 552 illos
736 520 826 552 illinc
848 520 944 552 ambo
967 520 1153 552 abscedere.

739 579 1043 621 Theopropides

332 622 516 654 Abscedite.

810 676 960 708 Tranio

557 731 655 762 Aedis
678 741 718 762 ne
741 730 905 770 adtigatis.
952 730 1087 771 Tangite

335 785 399 817 Uos
423 785 442 824 †
465 795 594 826 quoque
619 789 747 816 terram.

738 844 1046 886 Theopropides

781 898 923 930 Obsecro
946 898 1061 938 hercle,
1085 899 1161 939 quin
1185 899 1204 937 †
1227 899 1402 940 eloquere?

815 958 962 990 Tranio

333 1014 413 1052 Quia
438 1017 561 1055 septem
586 1024 713 1045 menses
737 1016 823 1052 sunt,
847 1023 943 1053 quom
968 1013 999 1043 in
1025 1012 1121 1044 hasce
1146 1013 1238 1044 aedis
1263 1013 1376 1054 pedem
1395 1022 1446 1048 460

331 1068 432 1100 Nemo
456 1069 541 1100 intro
565 1067 685 1106 tetulit,
708 1066 807 1099 semel
830 1071 866 1098 ut
889 1067 1129 1107 emigrauimus.

737 1126 1046 1168 Theopropides

333 1182 505 1223 Eloquere,
528 1181 607 1222 quid
631 1181 699 1212 ita?

814 1241 962 1273 Tranio

739 1293 1046 1336 Circumspicedum,
1070 1305 1146 1326 num
1171 1295 1245 1336 quis
1269 1298 1328 1332 est,

336 1350 523 1381 Sermonem
547 1353 692 1381 nostrum
716 1349 771 1390 qui
795 1351 946 1390 aucupet.

741 1408 1043 1450 Theopropides

983 1462 1102 1494 Tutum
1126 1462 1269 1503 probast.

817 1523 962 1554 Tranio

333 1567 553 1608 Circumspice
577 1567 684 1598 etiam.

739 1625 1041 1666 Theopropides

731 1681 833 1712 Nemo
857 1683 923 1719 est3
946 1679 1081 1721 loquere
1105 1689 1189 1710 nuuc
1213 1679 1284 1709 iam.

818 1740 964 1772 Tranio

333 1793 490 1835 Capitalis
513 1795 629 1826 caedes
652 1794 741 1826 sacta
763 1798 822 1826 est.

739 1853 1044 1894 Theopropides
1130 1870 1166 1947 xl

824 1907 895 1940 Non
920 1907 1083 1948 intellego.
1395 1914 1446 1940 465

402 2004 452 2028 457
473 2002 507 2028 Et
525 2002 592 2028 heus
671 2001 768 2027 amabo
843 2002 893 2027 458
912 2001 1015 2033 atigate
1091 2003 1206 2033 tangere
1225 1999 1247 2024 (3
1313 1999 1363 2025 463
1382 1999 1445 2025 Sor-

335 2054 444 2071 monum
462 2080 466 2086 ‚
503 2048 603 2077 aeupet
622 2044 644 2070 C
697 2045 747 2070 464
767 2045 889 2070 nuntiam
948 2045 998 2069 465
1018 2043 1135 2076 Capituli
1156 2042 1246 2068 scedis
1299 2041 1355 2067 ΤΗ.
1375 2041 1445 2074 Quid

334 2088 396 2114 eut?
416 2097 470 2113 uon
