1596 2478
160 172 210 204 ιιι,
229 173 251 199 2.
272 173 373 198 21—36
648 174 787 207 Epidicus.
1241 180 1279 209 33

561 267 870 308 Stratippocles

649 321 718 353 Iam
742 325 848 354 teneo.

617 380 812 421 Epidicus

886 435 979 467 Nunc
1003 440 1171 468 cautorem

154 487 250 519 Dedit
271 487 349 518 mihi
369 487 409 518 ad
430 487 514 519 hanc
534 498 600 519 rem
620 488 815 528 Apoecidem
836 506 876 510 —-
894 490 922 520 is
940 490 1027 530 apud
1046 491 1150 522 sorum
1169 496 1279 522 manet

869 553 920 574 me
944 561 984 566 —

152 594 250 632 Quasi
276 596 330 634 qui
355 605 374 626 a
399 606 448 626 me
471 598 558 627 recte
583 599 710 628 caueat.

560 657 870 699 Stratippocles

583 712 679 743 Haud
705 713 788 744 male
812 713 876 745 iam
900 714 972 754 ipsc
996 717 1112 745 cautor
1135 718 1278 756 captust.

617 780 814 821 Epidicus

152 833 225 874 Ipse
249 834 281 864 in
307 844 378 865 meo
402 833 486 865 collo
509 838 584 865 tuus
608 838 703 875 pater
727 836 907 866 cruminam
931 835 1126 868 conlocauit.
1228 845 1280 871 360

152 887 183 919 Is
207 888 348 919 adornat
371 888 549 920 adueniens
574 888 661 919 domi
686 889 849 929 extemplo
873 892 910 920 ut
932 890 1070 921 maritus
1094 889 1163 921 fias.

562 955 870 997 Stratippocles

154 1009 223 1041 Uno
249 1010 460 1051 persuadebit
482 1010 592 1041 modo:
617 1011 643 1041 si
669 1010 768 1048 illam,
793 1021 878 1051 quae
902 1011 1079 1042 adductast
1102 1021 1238 1047 mecum,

153 1063 230 1095 Mihi
255 1064 419 1105 adempsit
443 1064 558 1095 Orcus.

626 1123 802 1165 Epidcus

604 1178 698 1209 Nunc
722 1188 781 1219 ego
805 1178 962 1210 astutiam
986 1177 1070 1209 hanc
1093 1178 1237 1209 institui:

152 1232 330 1263 Deueniam
355 1232 396 1263 ad
419 1232 570 1263 lenonem
595 1231 726 1263 domum
751 1235 881 1272 egomet
904 1231 1008 1270 solus;
1039 1242 1112 1263 eum
1141 1232 1276 1270 docebo⁷

151 1285 184 1317 Si
203 1286 256 1327 qui
278 1285 319 1317 ad
340 1296 412 1317 eum
432 1285 619 1324 adueniant,
641 1289 678 1317 ut
696 1285 758 1318 sibi
778 1286 890 1317 datum
908 1296 979 1317 esse
998 1288 1169 1325 argentum
1189 1285 1278 1317 dicat

151 1339 213 1370 Pro
238 1339 384 1380 fidicina3
409 1340 536 1380 argenti
559 1340 665 1371 minas
689 1350 723 1371 se
747 1339 869 1371 habere
893 1340 1140 1380 quinquaginta.
1228 1347 1278 1373 366

150 1394 280 1433 Quippe
304 1403 363 1433 ego
387 1394 443 1434 qui
466 1393 706 1425 nudiustertius
730 1395 810 1426 meis
834 1394 983 1425 manibus
1009 1394 1212 1424 dinumeraui

151 1446 212 1478 Pro
237 1447 294 1478 illa
317 1451 376 1479 tua
399 1448 514 1485 amica,
539 1458 636 1488 quam
660 1453 755 1488 pater
778 1458 871 1479 suam
894 1447 995 1478 filiam
1021 1457 1092 1478 esse
1115 1450 1222 1485 retur3

150 1501 199 1532 Ibi
223 1501 296 1533 leno
321 1502 517 1533 sceleratum
541 1505 643 1542 caput
667 1512 761 1532 suum
785 1501 965 1542 inprudens
989 1500 1158 1540 adligabit,

151 1554 251 1591 Quasi
283 1566 341 1596 pro
373 1555 430 1587 illa
459 1559 630 1596 argentum
659 1556 840 1595 acceperit,
876 1565 959 1595 quae
988 1558 1095 1585 tecum
1131 1554 1278 1585 adducta

869 1618 955 1640 nunc
978 1612 1036 1640 est.
1227 1617 1279 1642 370

574 1668 598 1700 C
605 1668 626 1700 h
634 1680 653 1700 a
661 1679 677 1700 e
684 1680 700 1700 r
707 1670 717 1700 i
725 1669 745 1700 b
754 1679 774 1700 u
784 1668 822 1700 lu
833 1679 847 1700 s

153 1723 328 1755 Uorsutior
351 1734 385 1755 es
409 1734 509 1764 quam
531 1726 604 1755 rota
626 1722 782 1764 figularis.

615 1791 812 1832 Epidicus

821 1845 890 1876 Iam
915 1855 974 1884 ego
997 1843 1122 1884 parabo

150 1900 303 1941 Aliquam
327 1900 474 1932 dolosam
496 1899 672 1938 fidicinam,
697 1909 830 1931 nummo
853 1899 1016 1930 conducta
1039 1908 1122 1939 quae
1146 1898 1198 1937 sit,

236 2019 286 2045 359
305 2019 382 2052 quasi
403 2026 465 2051 quae
485 2020 592 2043 amaret
611 2020 712 2044 caueat
756 2018 803 2044 361
825 2017 941 2043 ueniens
986 2017 1035 2042 363
1054 2016 1126 2042 hanc
1142 2016 1275 2042 astutiam

150 2062 199 2087 364
218 2069 279 2087 eum
300 2069 352 2094 ego
373 2061 480 2087 docebo
585 2061 636 2087 365
655 2061 684 2086 Si
703 2060 769 2094 quid
789 2060 823 2086 ad
843 2068 906 2085 eum
925 2059 1074 2085 adueniam
1093 2061 1124 2084 ut
1142 2059 1195 2084 sibi
1215 2067 1276 2084 esse

150 2104 246 2131 datum
317 2105 368 2130 36¹7
387 2103 566 2129 denumeraui
637 2104 688 2129 369
707 2112 747 2136 sq.
767 2103 896 2135 alligauit
915 2102 960 2135 qni
982 2102 1004 2127 si
1076 2102 1123 2127 371
1145 2110 1200 2134 qua
1218 2101 1246 2126 B

1055 2156 1070 2181 3
