1596 2478
147 210 202 242 ΠΙ,
220 211 244 242 2,
266 210 347 235 1-19
615 207 792 234 Mostellaria.
1202 209 1261 238 115

351 353 451 386 SIMO
508 352 834 384 THEOPROPIDES
889 352 1057 384 TRANIO.

651 446 753 478 Simo

234 514 347 546 Melius
371 524 455 544 anno
480 513 542 543 hoc
566 513 642 543 mihi
668 522 730 543 non
755 512 817 543 fuit
840 512 937 550 domi,

235 569 301 599 Nec
325 567 412 609 quod
435 578 500 597 una
523 577 597 598 esca
621 577 670 597 me
694 567 814 597 iuuerit
839 567 948 604 magis.

234 622 409 653 Prandium
432 632 514 652 uxor
537 620 614 651 mihi
639 620 819 660 perbonam
843 620 947 658 dedit3

352 675 445 706 Nunc
469 675 643 706 dormitum
667 674 757 705 iubet
780 685 829 705 me
852 675 909 705 ire.
956 674 1105 705 Minume.
1216 682 1267 707 680

236 731 305 762 Nou
332 730 408 761 mihi
432 730 515 760 forte
538 729 644 759 uisum
668 729 742 759 ilico
766 728 838 763 fuit,

237 785 350 816 Melius
375 795 472 824 quom
497 783 677 823 prandium.
702 793 799 824 quam
823 782 915 821 solet,
939 782 1038 814 dedit.

356 838 467 869 Uoluit
491 839 520 868 iu
547 837 731 868 cubiculum
756 837 917 869 abducere
942 848 991 868 me
1015 848 1107 868 anus.

356 892 427 923 Non
452 892 571 923 bonust
595 902 726 922 somnus
751 891 789 922 de
814 890 966 931 praudi0;
990 901 1102 932 apage.

236 946 426 978 Clanculum
450 956 488 977 ex
512 945 647 977 aedibus
671 956 720 976 me
745 945 830 976 edidi
855 945 960 983 foras,
1219 954 1270 979 635

237 1002 261 1032 T
265 1005 319 1032 ota
343 1004 452 1041 turget
475 1000 553 1031 mihi
578 1010 667 1038 uxor,
692 1000 770 1038 scio,
794 1000 889 1032 domi.

637 1085 784 1117 Tranio

241 1153 302 1183 Res
327 1155 444 1192 parata
467 1155 518 1183 est
541 1151 627 1182 mala
650 1152 681 1182 in
706 1162 879 1192 uesperum
903 1151 980 1183 huic
1004 1151 1088 1190 seni3

238 1207 318 1237 Nam
343 1209 376 1237 et
399 1206 579 1237 cenandum
604 1208 636 1236 et
659 1205 878 1237 cubandumst
900 1206 929 1236 ez·
952 1206 1045 1237 male.

660 1293 765 1326 Simo

360 1359 463 1398 Quom
486 1360 589 1399 magis
613 1360 720 1399 cogito
744 1370 816 1391 cum
841 1371 912 1392 meo
936 1361 1058 1392 animo:

360 1414 391 1446 Si
416 1415 489 1455 quis
514 1414 660 1445 dotatam
685 1425 816 1445 uxorem
842 1418 940 1454 atque
964 1426 1062 1446 auum
1086 1414 1193 1451 habet,
1222 1422 1273 1448 690

241 1469 408 1499 Neminem
434 1468 590 1499 sollicitat
613 1479 725 1509 sopor3
748 1468 792 1499 ibi
817 1469 964 1500 omnibus

242 1523 292 1553 lre
316 1522 490 1553 dormitum
515 1522 630 1553 odiost.
679 1522 789 1553 Uelutz'
812 1533 899 1554 nunc
923 1523 1010 1554 mihi.

361 1576 502 1618 Exsequi
526 1580 615 1608 certa
638 1587 690 1607 res
716 1580 774 1615 est,
798 1580 834 1608 ut
858 1577 972 1608 abeam

242 1630 355 1661 Potius
379 1630 454 1661 hinc
479 1631 518 1662 ad
545 1632 660 1663 forum.
685 1642 781 1671 quam
807 1631 892 1662 domi
917 1631 1042 1663 cubem.

241 1685 349 1726 Atque
373 1685 428 1725 pol
451 1686 560 1716 nescio
586 1689 621 1716 ut
645 1686 787 1717 moribus
810 1687 894 1717 sient
1225 1694 1275 1720 695

226 1812 484 1838 THEYROPIDES
494 1812 528 1839 A.
553 1812 833 1839 THEVTROPIDES
854 1812 969 1839 SENES
989 1813 1014 1839 11
1034 1812 1061 1839 B
1138 1813 1276 1840 TRANIO

159 1854 299 1881 SERUUS
317 1854 343 1881 B
395 1856 445 1881 678
465 1854 624 1888 Nequodest
644 1864 733 1882 canna
748 1856 881 1881 meruerit
896 1855 947 1882 BG
995 1856 1046 1881 679
1065 1856 1213 1882 Perauium
1228 1856 1280 1883 BC

157 1899 207 1924 680
225 1899 320 1923 mieire
331 1897 382 1924 BG
423 1900 470 1924 681
492 1899 519 1924 in
531 1899 593 1924 loco
605 1898 626 1924 G
669 1899 719 1924 682
731 1899 828 1924 Melius
840 1907 923 1931 quam
933 1898 1081 1932 prandium
1126 1899 1215 1925 solum
1227 1899 1280 1926 Bc

157 1942 207 1967 683
227 1941 450 1967 cubicuhiculum
470 1941 635 1967 addam-em
657 1950 750 1967 eamus
772 1941 793 1967 C
843 1941 894 1966 684
914 1941 1016 1967 bonum
1036 1944 1078 1967 est
1096 1950 1222 1968 somnum
1243 1942 1276 1975 A,

159 1984 248 2009 bouus
267 1993 378 2009 somnus
398 1988 441 2010 est
459 1983 510 2010 BC
577 1985 627 2010 685
647 1983 789 2010 Clanclum
811 1983 832 2009 O
898 1984 948 2010 686
967 1984 1024 2009 seio
1043 1993 1116 2010 nunc
1135 1984 1209 2010 domi
1228 1984 1278 2010 Bc

158 2027 208 2051 637
228 2027 297 2052 male
315 2027 341 2052 A
461 2028 512 2053 635
530 2027 712 2052 ceuandumst
729 2030 758 2052 et
777 2026 934 2052 cubandum
955 2030 996 2052 est
1015 2026 1049 2058 A,
1077 2027 1231 2053 cenandum
1251 2030 1278 2053 et

159 2069 345 2095 ‹aubaudumst
365 2070 482 2095 uitrahis
502 2070 573 2096 male
591 2069 642 2096 BG
709 2070 760 2095 690
777 2077 892 2095 uxorem
905 2089 994 2095 ......
1008 2069 1092 2095 habet.
1109 2070 1161 2096 BG
1227 2071 1273 2096 691

160 2120 228 2145 sopo
247 2111 359 2145 reliquis
378 2113 487 2139 omissis
506 2112 556 2138 Bc
702 2113 753 2138 692
772 2112 848 2137 uelut
867 2112 900 2145 A,
920 2120 953 2138 ue
972 2112 1085 2146 reliquis
1104 2113 1212 2139 omissis
1230 2112 1281 2138 BC

160 2155 209 2180 693
229 2154 345 2181 balneam

1040 2209 1075 2235 εὖ
