1596 2478
305 224 345 253 88
819 220 909 246 Plauti
1244 218 1265 250 1,
1288 220 1308 250 l.
1329 218 1430 244 w—ez

766 314 967 346 Selenium

439 368 584 410 Spissum
611 369 697 399 istuc
720 368 842 398 amanti
867 373 915 399 est
941 367 1076 399 uerbum
1102 367 1223 405 ueniet,
1244 367 1306 397 nisi
1330 367 1430 398 uenit.

307 422 370 454 Sed
394 433 453 461 ego
478 433 549 453 mea
573 421 668 461 culpa
693 426 725 451 et
750 421 888 452 stultitia
916 422 1008 462 peius
1031 422 1150 452 misera
1174 430 1328 458 maceror,

307 476 391 514 Quia
425 487 486 516 ego
522 475 612 506 illum
649 486 745 506 unum
789 474 866 506 mihi
907 475 1076 516 exoptaui,
1117 475 1248 515 quicum
1289 477 1431 505 aetatem

1022 529 1182 569 degerem.
1396 536 1430 562 '75

819 591 922 622 Lena

306 646 476 677 Matronae
501 646 605 684 magis
629 644 833 676 conducibile
857 649 907 676 est
931 646 1023 681 istuc.
1049 655 1121 676 mea
1144 644 1318 683 Selenium,

306 699 411 731 Unum
441 709 550 730 amare
581 703 614 730 et
642 709 714 730 cum
743 709 780 730 eo
811 703 952 730 aetatem
979 699 1122 738 exigere.
1152 699 1231 738 quoi
1254 702 1356 739 nupta
1379 702 1431 730 est

1023 751 1140 790 semel3

307 806 425 838 Uerum
451 807 537 838 enim
561 807 713 838 meretrix
738 805 894 837 fortunati
919 811 970 837 est
993 806 1104 846 oppidi
1131 805 1320 843 similluma;

305 866 377 898 Non
402 870 512 907 potest
535 877 628 898 suam
653 876 720 897 rem
745 866 894 906 optinere
919 865 989 896 sola
1012 866 1082 897 sine
1108 865 1218 896 multis
1243 865 1332 897 uiris.

766 936 969 968 Selenium

306 990 374 1022 Hoc
392 990 466 1022 uolo
485 991 602 1031 agatis.
643 990 715 1028 Qua
733 991 911 1022 arcessitae
930 1000 1029 1022 causa
1047 990 1088 1021 ad
1108 1000 1157 1021 me
1175 990 1263 1028 estis,
1283 989 1428 1031 eloquar.

305 1045 386 1076 Nam
411 1055 482 1076 mea
507 1048 621 1079 mater,
645 1045 721 1085 quia
745 1055 804 1085 ego
829 1044 903 1075 nolo
928 1055 977 1075 me
1003 1044 1206 1075 meretricem
1231 1044 1340 1083 dicier,
1395 1051 1427 1078 81

305 1099 470 1131 Obsecuta
493 1103 558 1138 est3
583 1098 622 1129 de
647 1108 685 1130 ea
708 1109 742 1130 re
765 1098 867 1137 gessit
891 1108 1012 1129 morem
1038 1098 1196 1138 morigere
1222 1097 1310 1135 mihi,

306 1151 348 1185 Ut
371 1163 431 1190 me,
455 1163 551 1194 quem
577 1163 636 1192 ego
660 1163 802 1184 amai-em
828 1153 981 1192 grauiter,
1007 1152 1130 1183 sineret
1154 1161 1225 1183 cum
1248 1162 1286 1184 eo
1305 1153 1427 1184 uiuere.

813 1223 919 1254 Lena

306 1277 412 1309 Stulte
437 1281 567 1309 ecastor
589 1277 676 1308 fecit.
723 1277 785 1308 Sed
805 1282 839 1308 tu
859 1288 896 1308 en
918 1287 1071 1318 umquam
1091 1287 1163 1308 cum
1183 1277 1338 1318 quiquam
1358 1278 1428 1309 uiro

305 1331 515 1363 Consueuisti
525 1333 539 1361 ¹?

767 1390 967 1422 Selenium

586 1444 654 1476 Nisi
681 1444 813 1485 quidem
837 1455 910 1476 cum
934 1444 1185 1483 Alcesimarcho,
1209 1445 1346 1483 nemine,
1396 1453 1430 1478 85

305 1498 416 1540 Neque
442 1498 631 1539 pudicitiam
658 1509 761 1529 meam
787 1498 862 1529 mihi
887 1498 971 1530 alius
996 1498 1167 1539 quisquam
1191 1498 1351 1529 inminuit.

814 1569 919 1601 Lena

1273 1622 1427 1662 Obsecro,

305 1677 376 1716 Quo
400 1678 427 1708 is
451 1677 546 1708 homo
571 1678 753 1709 insinuauit
776 1681 872 1718 pacto
897 1687 931 1708 se
955 1677 996 1709 acl
1020 1678 1073 1708 te?

767 1747 966 1779 Selenium

1142 1802 1204 1834 Per
1228 1802 1385 1843 Dionysia

305 1855 409 1887 Mater
434 1866 585 1896 pompam
610 1866 659 1887 me
684 1861 865 1896 spectatum
891 1855 992 1887 duxit.
1039 1855 1122 1887 Dum
1146 1855 1246 1887 redeo
1269 1856 1409 1893 domum,

390 1983 423 2007 73
442 1981 516 2007 istud
536 1981 584 2008 ΙΕ
669 1983 702 2008 ’15
721 1985 811 2008 aetate
903 1983 936 2008 76
956 1982 1010 2009 GY.
1029 1982 1147 2016 proefi'yit
1164 1983 1182 2008 1
1267 1983 1393 2009 silenium
1411 1983 1432 2010 I

305 2026 337 2049 77
357 2027 440 2050 aetnte
463 2025 542 2058 exige
563 2024 592 2050 E
674 2024 758 2050 semel
779 2028 819 2050 ont
840 2024 859 2050 I
938 2025 971 2050 ’78
991 2025 1066 2058 opidi
1085 2024 1114 2051 E
1195 2027 1228 2051 80
1247 2025 1366 2051 acen-site
1383 2024 1432 2052 IE

305 2068 334 2092 81
358 2067 457 2092 dictier
477 2065 509 2099 Ε,
532 2067 648 2093 didicim-
668 2068 685 2093 1
753 2069 786 2092 ³³2
805 2068 953 2100 morigeras
973 2067 990 2093 1
1063 2068 1096 2093 84
1117 2067 1196 2093 Sulte
1216 2067 1244 2093 E
1313 2071 1342 2093 tu
1363 2076 1429 2094 nun-

306 2117 387 2142 quam
409 2108 434 2134 B
498 2110 531 2135 eb
551 2110 768 2135 ulchesimarcho
787 2109 846 2136 BE
861 2113 886 2136 εἰ
903 2109 944 2136 m'c
961 2117 1074 2142 semper.
1093 2109 1295 2136 alcheuimarco
1314 2110 1331 2136 1
1396 2111 1429 2136 86

307 2152 423 2177 obsecro
440 2151 567 2184 promimo
585 2159 665 2177 versu
749 2152 783 2177 87
803 2151 921 2178 dionisia
940 2150 998 2178 ΒΕ
