1596 2478
131 227 162 257 V.
181 229 204 257 2.
223 229 318 254 7-20
645 225 750 251 Casina.
1211 226 1250 255 69

133 322 192 354 Ubi
218 323 303 353 intro
327 322 389 353 hac
412 332 529 352 nouam
554 324 689 361 nuptam
708 320 836 352 deduxi.
862 322 951 350 recta
971 319 1024 350 uia
1045 319 1075 349 in
1096 318 1249 350 conclaue

843 373 977 412 abduxi3

131 430 193 463 Sed
206 431 360 462 tenebrae
373 430 418 461 ibi
431 433 524 460 erant
537 432 704 469 tamquam
718 428 750 458 in
762 430 870 468 puteo.
907 427 1009 465 Quom
1024 437 1120 458 senex
1133 426 1248 464 abstet,

843 481 998 512 decumbe
1021 482 1161 522 inquam.
1199 489 1250 515 820

334 537 485 575 conloco,
511 537 618 574 fulcio,
642 535 762 574 mollio,
786 534 947 573 blandior,

333 591 376 624 Ut
399 592 490 632 prior
513 601 611 632 quam
636 599 734 621 senex
757 600 823 629 nup
849 614 854 619 .
881 615 886 620 .
914 615 919 620 .

333 646 462 678 Tardus
486 656 556 676 esse
578 644 652 676 ilico
678 643 780 683 coepi,
805 643 956 683 quoniam
983 669 987 673 .
1014 667 1021 673 .
1047 670 1051 674 .

335 700 493 741 Respecto
517 698 706 735 identidem,
729 707 769 728 ne
792 707 889 729 senex
915 723 919 727 .
946 723 951 728 .

212 755 415 786 Inlecebram
440 754 545 793 stupri
569 752 727 794 principio
753 762 823 782 eam
849 752 974 782 sanium
999 763 1107 792 posco.
1198 762 1248 786 825

214 808 369 850 Reppulit
392 807 470 839 mihi
494 818 640 845 manum;
674 817 778 846 neque
808 806 892 837 enim
924 805 1001 837 dare
1031 806 1094 837 sibi
1118 807 1244 838 sanium

842 870 892 890 me
917 860 1003 890 siuit.

129 917 223 948 Enim
247 917 311 948 iam
335 917 436 956 magis
465 916 664 956 adpropero,
694 915 795 955 magis
823 914 887 945 iam
917 914 1008 945 lubet
1036 915 1068 945 in
1094 914 1246 946 Casinam

840 969 978 999 inruere.

128 1024 232 1066 Cupio
255 1024 344 1056 illam
369 1034 501 1064 operam
527 1025 595 1055 seni
615 1024 792 1064 surripere3
815 1022 950 1060 †forem
969 1023 1063 1061 obdo,
1089 1034 1128 1055 ne
1148 1034 1247 1055 senex

840 1088 889 1108 me
913 1078 1120 1118 opprimeret.

579 1163 788 1204 Myrrhina

127 1219 194 1259 Age
219 1219 294 1250 dum
318 1222 354 1250 tu
378 1218 431 1250 adi
454 1218 548 1250 hunc.

567 1294 803 1327 Cleostrata

527 1349 677 1387 Obsecro,
701 1349 757 1380 ubi
781 1352 839 1381 tua
861 1360 947 1381 noua
970 1353 1071 1390 nupta
1095 1350 1166 1381 est?

593 1438 776 1479 Olympio

128 1493 213 1525 Perii
236 1492 344 1524 hercle
369 1503 443 1533 ego3
468 1493 652 1524 manufesta
674 1503 725 1523 res
748 1496 807 1524 est.
1196 1499 1248 1525 830

569 1580 802 1613 Cleostrata

127 1635 263 1668 Omnem
287 1636 319 1666 in
344 1635 456 1666 ordine
480 1646 547 1667 rem
571 1636 667 1667 fateri
691 1645 767 1675 ergo
791 1646 927 1675 aequom
953 1639 1010 1666 est.

127 1689 210 1728 Quid
234 1690 321 1721 intus
345 1690 475 1730 agitur?
499 1690 576 1731 quid
600 1691 668 1729 agit
691 1688 829 1721 Casina?
854 1690 937 1721 satin
962 1690 1123 1729 morigera
1146 1689 1219 1720 est?

567 1782 569 1785 '
595 1777 703 1819 Olym
714 1779 778 1819 pio

923 1832 1027 1864 Pudet
1051 1831 1158 1863 dicere
1182 1841 1241 1862 me.

210 1963 261 1988 819
279 1963 355 1988 intus
375 1963 399 1988 A
478 1963 550 1989 hanc
630 1963 675 1989 uia
692 1966 769 1990 recta
781 1981 855 1990 .....
865 1964 944 1991 clane
962 1962 1037 1989 BIE
1118 1963 1169 1988 820
1189 1961 1245 1988 Sed

125 2008 217 2031 tamen
236 2005 369 2030 tenebrae
476 2006 501 2031 in
522 2010 605 2039 puteo
625 2015 709 2040 quom
729 2015 777 2033 om.
797 2006 871 2033 BIE
974 2015 1062 2032 ..nex
1079 2005 1154 2032 ΒΙΕ

126 2048 204 2074 abste
223 2047 304 2080 ΒΙΕ,
324 2051 388 2081 apte
407 2049 432 2074 A
546 2048 709 2075 decumbam
730 2049 776 2075 IE
886 2051 931 2075 821
955 2049 1085 2075 blandior
1104 2056 1153 2075 om.
1174 2047 1247 2074 ΒΙΕ

125 2092 176 2117 823
195 2092 255 2124 cepi
275 2091 321 2117 ΙΕ
431 2092 483 2117 824
500 2100 548 2117 sex
567 2092 587 2118 I
691 2093 741 2118 825
762 2092 930 2119 Inlecebrvm
950 2091 985 2123 B,
1004 2092 1181 2118 Incelebram
1200 2091 1246 2117 IE

126 2134 177 2159 827
195 2133 275 2160 Enim
297 2134 351 2159 iam
370 2134 459 2168 magis
478 2134 531 2160 iam
619 2135 667 2161 831
690 2135 815 2162 ordinem
919 2143 1017 2168 aegum
1036 2134 1100 2168 BE,
1119 2138 1210 2161 aetum
1228 2135 1249 2161 I

124 2177 175 2202 832
193 2176 299 2203 discere
318 2175 348 2203 E
