1596 2478
267 177 327 206 132
777 173 885 200 Casina.

265 273 349 309 quusi
369 282 404 300 ex
417 271 584 300 Cistellaria
602 271 735 299 afferens.
755 285 796 290 -
815 272 864 300 43.
890 269 1007 306 defidit,
1033 272 1193 309 perfeetum
1219 273 1296 301 inter
1314 281 1389 310 prae-

266 324 369 357 sentin,
395 323 430 350 cf.
444 323 531 350 Truc.
546 323 617 355 405,
632 331 665 350 ac
678 322 804 350 sortasse
817 322 904 351 Most.
919 323 990 351 476.
1008 337 1051 342 -—
1069 323 1118 351 45.
1136 319 1213 358 fecit
1223 323 1258 352 A.
1278 338 1318 343 —-
1339 324 1389 352 46.

267 373 302 401 cf.
317 373 405 401 Poen.
421 374 497 401 834:
525 373 627 409 „quusi
646 374 675 400 in
694 375 812 411 popina,
831 373 908 401 haud
927 373 1041 402 secus“.
1062 389 1101 393 —-
1120 375 1169 402 47.
1194 382 1229 403 ea
1249 375 1282 402 A.
1320 374 1391 402 Post

269 425 400 452 aetatem
421 424 534 458 bimus3
559 424 638 452 Cam.
662 422 757 459 „uti“,
780 425 859 461 quod
881 425 944 452 iure
964 424 1113 462 improbat
1133 424 1236 454 Luchs.
1257 425 1390 454 Studem.

266 475 350 504 stud.
371 475 426 512 Ip.
443 475 503 509 24„
527 476 590 512 ipse
613 474 700 512 „qui“
722 475 890 503 coniiciens.
911 489 951 494 —
971 476 1020 503 48.
1046 475 1117 504 Post
1132 472 1267 512 puellam
1287 476 1391 504 similis

265 526 375 561 hiatus,
395 527 430 554 cf.
445 525 560 562 Proleg.
579 535 608 563 p.
631 526 705 561 1833
730 526 812 554 Mun.
836 525 901 561 „et“
923 525 1016 554 addit.
1035 540 1076 545 -—
1093 527 1142 554 49.
1164 525 1250 555 (171ιαί
1267 528 1393 563 posteri·

267 587 349 605 orem
367 577 516 614 producit,
535 587 562 605 v.
580 576 695 613 Proleg.
719 578 786 606 196.
822 573 971 613 efflictim,
997 587 1024 605 v.
1043 577 1080 605 ad
1093 577 1200 614 Amph.
1217 578 1286 606 513.
1323 577 1394 606 Post

268 628 297 656 h.
322 638 349 656 v.
374 628 474 656 hiatus
497 629 526 656 in
551 637 670 656 caesura.
722 628 806 656 Miill.
834 631 882 663 „et
906 626 1022 656 autem“
1049 628 1153 656 voluit.
1179 643 1216 647 —
1249 629 1297 657 50.
1324 627 1394 657 Post

269 675 330 707 sibi
353 679 466 714 hintus3
501 679 590 715 vulgo
617 678 699 715 „Sibi
721 677 817 707 nunc“
843 679 951 706 editur.
975 693 1015 697 —
1041 679 1090 707 51.
1115 675 1271 717 Palerque
1292 679 1328 708 A.
1352 694 1394 699 —

272 731 320 759 53.
354 727 456 758 istanc
484 737 612 758 uxorem
637 730 671 758 A.
695 744 737 748 —
761 731 810 758 54.
835 726 983 758 excubias
1006 730 1126 764 comice,
1150 740 1217 758 nam
1241 731 1328 768 vulgo
1351 731 1394 759 di-

271 781 349 809 citur
372 781 407 809 de
431 781 540 818 vigiliis
569 781 758 809 militaribus.
787 795 829 800 —
859 782 908 808 55.
936 778 968 809 ‘is
990 780 1026 816 A,
1056 781 1074 808 i.
1100 791 1124 809 e.
1149 782 1193 816 iis,
1217 782 1252 810 cf.
1277 781 1392 819 Proleg.

270 842 298 869 p.
325 832 394 860 212.
431 846 467 851 —
499 829 622 868 aclleyat
644 832 684 866 A;
720 834 788 860 ante
818 831 871 859 hoc
900 841 926 859 v.
951 831 1051 860 hiatur
1079 833 1108 860 iu
1131 841 1254 860 caesura.
1281 847 1317 851 —
1345 834 1393 862 57.

271 880 354 919 quod
375 883 466 918 amat,
500 883 536 910 cf.
561 882 642 911 Triu.
668 883 738 911 243.
774 882 858 911 Cure.
885 883 954 911 137.
982 884 1050 911 170.
1085 883 1152 911 Ter.
1176 883 1296 912 Phorm.
1322 884 1393 913 504.

270 933 346 962 Eun.
361 935 432 968 309,
446 943 520 971 quos
533 934 612 961 locos
625 934 727 962 attulit
739 934 880 962 Cavnllin.
894 933 1012 962 Tidskr.
1026 934 1045 962 f.
1060 933 1166 962 Philol.
1178 944 1205 962 n.
1219 944 1241 962 s.
1255 934 1309 972 lp.
1324 935 1393 963 266.

271 999 305 1003 —
336 982 516 1020 praesepis,
553 985 588 1013 cf.
612 985 649 1013 ad
679 985 865 1013 Rud.1025.
900 999 942 1004 —
978 985 1026 1013 58.
1062 983 1091 1013 ei
1119 985 1254 1013 Mueller.
1279 985 1397 1014 addidit

270 1035 370 1064 hiatus
400 1045 504 1071 causa3
539 1037 635 1073 possis
664 1037 752 1064 etiam
787 1037 899 1070 „amori
930 1035 974 1064 ei“
1007 1039 1059 1063 aut
1089 1037 1200 1071 „amori
1230 1035 1329 1072 huic“,
1364 1040 1397 1065 ut

270 1085 364 1124 Gepp.
389 1100 430 1104 —-
461 1088 508 1115 59.
540 1086 612 1114 Post
628 1085 796 1123 propterea
819 1087 928 1115 hiatus.
975 1086 1102 1123 Pylades
1127 1086 1228 1124 ,‚ipss“
1255 1087 1395 1123 addebat,

271 1137 350 1165 Cam.
378 1136 467 1173 ‚,ea“;
492 1137 604 1175 Gepp.:
638 1137 700 1173 „Ea
722 1136 876 1176 propter“.
904 1152 940 1157 ——
967 1138 1016 1166 60.
1045 1135 1150 1174 filium
1173 1135 1274 1166 sensit
1295 1138 1331 1167 A.
1355 1153 1397 1158 —

272 1190 320 1216 63.
345 1185 373 1216 ei
396 1189 495 1217 mater
518 1190 553 1217 A.
583 1203 624 1208 —
653 1186 775 1217 absenti
801 1189 911 1225 tamen,
943 1199 970 1217 v.
995 1189 1029 1218 ad
1055 1189 1161 1226 Amph.
1187 1190 1257 1218 538.
1283 1203 1320 1208 -
1347 1191 1396 1218 67.

273 1237 354 1267 inter
376 1246 409 1268 se
433 1248 508 1276 quos
533 1247 614 1268 mmc
636 1237 728 1268 eredo
750 1240 784 1268 A.
813 1255 849 1259 —
876 1240 924 1268 68.
957 1237 1101 1270 Semilcs
1124 1237 1254 1276 nuptiae
1276 1241 1397 1278 proprie

272 1291 412 1319 videntur
442 1292 530 1319 uullae
561 1301 624 1319 esse
652 1300 751 1328 posse;
789 1300 885 1328 neque
916 1292 994 1319 enim
1023 1293 1100 1319 servi
1134 1301 1242 1320 uxores
1276 1291 1397 1326 habent,

271 1343 408 1379 quamvis
431 1343 623 1380 permittente
653 1342 771 1370 domino
801 1342 972 1371 coniunctas
1002 1351 1159 1370 conservas
1183 1342 1326 1378 habeant,
1362 1351 1399 1370 ex

270 1392 379 1430 quibus
411 1393 541 1421 habeant
570 1393 662 1427 filios,
697 1396 730 1421 ut
759 1394 801 1421 ait
825 1393 920 1421 Vari-0
950 1393 984 1421 R.
1010 1393 1043 1422 R.
1067 1393 1090 1428 Ι,
1122 1394 1168 1422 17.
1225 1393 1284 1422 Sed
1317 1392 1398 1431 apud

274 1443 393 1472 Graecos
417 1444 550 1481 aliasque
574 1446 711 1473 nationes
741 1454 799 1472 non
828 1447 888 1472 tam
912 1446 1016 1473 stricto
1040 1445 1102 1473 iure
1125 1445 1279 1480 agebatur,
1303 1453 1399 1482 neque

271 1496 348 1523 servi
378 1496 524 1523 communi
555 1495 705 1524 hominum
735 1496 799 1524 iure
823 1496 1027 1533 privabantur,
1050 1496 1085 1524 cf.
1111 1494 1202 1524 Stich.
1226 1496 1298 1524 449.
1334 1495 1398 1524 Mil.

274 1546 352 1574 1001
373 1556 435 1583 sq.:
469 1546 593 1581 „Hercle
617 1546 690 1575 hanc
714 1547 831 1584 quidem
855 1546 928 1575 nihil
946 1550 979 1575 tu
999 1547 1137 1583 amassis3
1161 1544 1233 1575 mihi
1252 1546 1400 1584 desponsa

273 1600 326 1625 est.
383 1597 449 1626 Tibi
480 1599 505 1625 si
535 1597 587 1625 illa
615 1597 702 1626 hodie
732 1599 876 1635 nupserit,
911 1597 974 1634 Ego
1003 1597 1077 1626 hunc
1105 1599 1245 1626 continuo
1275 1607 1399 1626 uxorem

275 1647 410 1677 ducanst
446 1648 518 1685 Leg.
542 1648 666 1684 Gortyn.
691 1648 728 1682 11,
754 1649 802 1677 27.
829 1663 864 1667 —
895 1650 944 1677 71.
972 1647 1066 1683 „aii0“
1098 1648 1187 1677 scribi
1210 1648 1275 1676 vult
1297 1648 1395 1677 Loow.

275 1699 360 1728 Anal.
379 1699 476 1728 Plaut.
501 1710 530 1737 p.
553 1701 628 1734 203,
655 1700 690 1728 cf.
711 1699 828 1737 Proleg.
847 1710 876 1737 p.
899 1700 968 1728 198.
991 1714 1032 1718 —
1055 1696 1091 1727 id
1107 1700 1141 1728 A.
1166 1714 1206 1718 —
1231 1700 1269 1727 72
1297 1709 1399 1728 versus

273 1761 402 1779 mancus.
435 1750 526 1788 Gepp.
543 1749 697 1788 „quoque“
719 1754 850 1778 extremo
874 1751 999 1778 addidit.
1045 1750 1134 1786 Seyff.
1155 1750 1230 1779 Phil.
1249 1749 1350 1778 XXIX
1370 1761 1396 1788 p.

278 1802 348 1834 387.
373 1802 498 1830 aliorum
523 1802 650 1837 vestigia
667 1804 800 1829 secutus:
828 1803 877 1835 „in
896 1805 997 1830 nostra
1013 1804 1102 1836 terra,
1126 1805 1207 1829 terra
1226 1802 1255 1829 in
1270 1800 1398 1838 Apuln“,

274 1853 418 1890 producta
437 1854 532 1889 prima
553 1853 678 1881 nominis
697 1852 813 1888 syllaba
832 1855 866 1880 ut
884 1862 910 1880 v.
926 1853 972 1880 77.
1010 1853 1117 1880 nostra
1138 1851 1221 1880 terra
1239 1854 1284 1880 est
1302 1851 1398 1880 Italia.

275 1918 316 1923 —
336 1905 386 1932 73.
410 1901 528 1932 maiore
547 1910 647 1940 opera,
666 1905 827 1940 operosius.
866 1905 991 1941 „opere“
1007 1904 1041 1938 A,
1061 1903 1096 1931 cf.
1110 1902 1184 1932 Cato
1203 1913 1250 1941 ap.
1265 1902 1340 1932 Gell.
1360 1902 1400 1930 VI

274 1953 367 1990 (vu),
389 1956 416 1989 3,
439 1956 490 1983 14:
527 1964 604 1992 „quo
628 1956 738 1983 maiore
761 1964 851 1992 opere.
875 1954 940 1982 dico
963 1953 1164 1992 susdeoque“.
1190 1969 1229 1973 —
1255 1953 1400 1989 „seruiles

276 2004 335 2034 ibi“
361 2006 494 2043 postulat
520 2005 638 2034 muller.
669 2020 709 2025 —
740 2006 778 2034 75
802 2015 846 2043 sq.
870 2005 903 2033 Id
935 2009 1034 2033 utrum
1064 2005 1116 2033 fiat
1144 2014 1251 2040 nocue,
1278 2005 1303 2033 si
1332 2004 1398 2042 quis

275 2066 388 2085 mecum
411 2057 570 2094 sponsione
600 2059 715 2084 certare
744 2057 821 2092 vult,
858 2057 987 2093 deponat
1009 2055 1088 2094 apud
1113 2056 1257 2084 arbitrum
1281 2055 1399 2092 pignus,

274 2110 308 2136 ut
331 2117 385 2145 ego
408 2117 525 2145 quoque
549 2107 708 2144 deponam,
738 2118 771 2136 ea
796 2107 982 2142 condicione,
1015 2110 1062 2141 ut,
1087 2110 1153 2135 uter
1176 2107 1271 2135 victus
1295 2105 1398 2139 fuerit,
