1596 2478
140 187 159 220 1,
179 188 204 218 8.
221 187 323 214 32—98
614 186 792 212 Mostellaria.
1219 188 1256 218 81

558 279 840 311 Philematium

138 337 172 369 Si
195 336 273 377 quid
297 339 333 367 tu
356 335 389 366 in
412 334 504 366 illum
528 333 610 365 bene
635 334 725 365 uoles
746 333 844 375 loqui,
870 334 902 365 id
926 334 1017 374 loqui
1040 333 1168 372 licebit;

138 390 206 422 Nec
228 393 317 421 recte
341 389 368 421 si
391 388 439 420 illi
464 388 594 426 dixeris,
619 388 683 418 iam
707 392 836 419 ecastor
858 387 1044 428 uapulabis.
1211 396 1261 422 235

568 475 836 507 Philolaches

140 532 265 573 Edepol
289 533 315 563 si
340 540 465 562 summo
489 530 559 561 Ioui
585 530 685 561 boues
710 534 844 570 argento
868 540 901 560 eo
924 531 1168 568 sacrificassem,

138 587 201 619 Pro
215 587 303 618 illius
317 585 424 625 capite
437 585 526 625 quod
539 584 625 622 dedi,
643 594 822 624 numquam
835 594 938 625 aeque
950 584 983 614 id
996 584 1078 616 beue
1090 585 1261 622 locassem,

139 641 182 672 Ut
200 641 296 672 uideo
315 651 386 671 eam
407 639 596 671 medullitus
615 649 665 669 me
683 648 802 670 amare.
839 637 897 675 Oh,
918 638 1039 678 probus
1059 639 1153 670 homo
1173 649 1260 678 sum;

140 695 230 733 Quae
254 689 386 735 prome
411 702 543 725 causam
568 693 699 725 (liceret.
724 697 899 733 patronum
923 692 1072 724 liberaui.

619 780 693 812 Sca
730 781 778 812 ha

140 838 242 869 Uideo
266 842 298 869 te
322 836 415 868 nihili
439 836 581 877 pendere
606 845 684 876 prae
701 792 892 866 1l)'hilolacl1e
915 837 1019 867 omnis
1043 835 1192 866 hominis.
1213 843 1264 868 240

140 893 243 929 Nunc,
266 902 305 922 ne
330 892 399 922 eius
423 900 522 921 causa
544 890 708 931 uapulem,
733 890 794 921 tibi
818 891 927 930 potius
952 889 1161 921 adsentabor.

558 978 843 1009 Philematium

140 1033 228 1066 Cedo
253 1034 331 1065 mihi
355 1033 524 1074 speculum
554 1038 585 1064 et
615 1042 688 1064 cum
713 1033 911 1063 ornamentis
936 1031 1082 1063 arculam
1105 1035 1263 1067 actutum,

477 1129 482 1134 .
857 1086 997 1126 Scapha,

141 1143 266 1175 Ornata
289 1147 326 1173 ut
343 1142 429 1180 siem,
454 1151 551 1182 quom
570 1140 633 1172 huc
650 1141 763 1172 ueniat
780 1139 987 1172 Philolaches
1007 1140 1163 1180 uoluptas
1181 1149 1264 1171 mea.

622 1223 698 1255 Sca
735 1223 784 1254 ha

140 1280 256 1312 Mulier
274 1290 357 1321 quae
374 1290 408 1311 se
428 1289 586 1319 suamque
606 1235 748 1310 aetatgm
762 1278 899 1318 spernit.
917 1277 1050 1318 speculo
1065 1278 1094 1308 ei
1107 1287 1187 1308 usus
1200 1280 1266 1316 est3

141 1334 226 1372 Quid
254 1338 353 1375 opust
380 1333 515 1374 speculo
546 1333 622 1370 tibi,
657 1343 739 1374 quae
770 1336 840 1364 tute
869 1331 1001 1372 speculo
1031 1331 1200 1372 speculum
1231 1341 1265 1362 es

856 1386 1066 1417 maxumum?
1215 1393 1266 1419 245

574 1457 832 1489 Philolaches

143 1512 192 1544 Ob
211 1513 297 1545 istuc
314 1513 460 1552 uerbum,
478 1524 517 1545 ue
536 1513 744 1553 nequiquam,
766 1511 903 1552 Scapha,
922 1515 987 1542 tam
1005 1511 1114 1551 lepide
1133 1510 1263 1549 dixeris,

142 1567 235 1599 Dabo
259 1567 384 1608 aliquid
407 1567 503 1599 hodie
526 1566 635 1608 peculi
659 1566 730 1601 tibi,
756 1565 984 1597 Philematium
1007 1575 1089 1596 mea.

558 1655 847 1686 Philematium

142 1709 207 1741 Suo
233 1711 353 1751 quique
375 1710 448 1742 loco
471 1709 546 1741 uide
570 1709 706 1750 capillus
730 1709 817 1740 satin
841 1708 1045 1748 conpositust
1068 1707 1244 1739 commode.

621 1786 695 1818 Sca
731 1786 780 1817 ha

142 1841 205 1872 Ubi
228 1845 262 1872 tu
288 1842 457 1874 commoda
481 1852 526 1878 es,
550 1797 933 1882 capillumpcommodum
958 1848 1030 1870 esse
1055 1838 1188 1869 credito.

208 1961 257 1986 236
277 1960 333 1986 ioui
353 1960 390 1986 bo
410 1963 494 1994 agent
513 1969 580 1987 0...
594 1959 644 1993 .B‚
664 1959 721 1985 ioui
739 1959 796 1985 ioui
815 1951 931 1991 argehto
953 1957 975 1983 0
1016 1958 1066 1983 237
1085 1957 1265 1983 collocassem

140 2003 190 2028 238
210 2003 305 2029 uideas
393 2005 438 2029 241
461 2012 572 2029 causam
591 2002 618 2029 B
709 2002 777 2029 Post
794 2002 842 2027 241
863 2000 994 2027 scribitur
1011 1999 1037 2025 Is
1056 2003 1201 2033 acceptum
1221 2002 1265 2025 sat

140 2045 226 2072 habes
244 2046 296 2072 tibi
315 2046 374 2073 fore
392 2046 472 2072 illum
492 2046 611 2072 amicum
629 2046 832 2079 sempiternum
898 2043 948 2069 243
968 2043 1019 2068 sim
1080 2043 1131 2068 244
1149 2043 1264 2076 speculo

140 2089 216 2115 elusa
235 2093 279 2116 est
385 2090 436 2115 247
454 2089 561 2123 perculi
578 2088 614 2121 B,
633 2087 744 2114 Ferculi
764 2087 785 2114 0
887 2086 938 2112 248
956 2085 1040 2112 uiden
1060 2085 1177 2119 capillus
1197 2086 1264 2111 satis

140 2133 190 2158 249
209 2132 368 2159 commodes

1042 2183 1059 2209 6
