1596 2478
126 162 149 193 Ι,
168 163 191 194 2,
210 163 303 194 56-3,
321 163 337 187 2
598 161 776 188 Mostellaria.
1212 162 1250 190 75

212 255 342 288 Perdidi
365 265 499 296 operam
523 254 690 286 fabrorum
715 254 789 286 ilico
813 254 943 295 oppido.

213 310 312 342 Uenit
334 309 482 349 ignauia3
505 319 545 340 ea
569 309 646 340 mihi
671 311 850 349 tempestas
874 308 952 346 suit;

213 363 293 394 Mihi
317 362 462 394 aduentu
486 373 545 393 suo
569 363 759 402 grandinem
784 362 986 402 imbremque
1011 361 1141 393 adtulit.

213 416 302 448 Haec
326 416 558 449 uerecundiam
583 415 660 447 mihi
686 419 718 447 et
741 417 874 447 uirtutis
899 416 1028 448 modum
1205 423 1252 448 135

214 470 471 510 Deturbauitque
494 469 684 510 detexitque
709 480 727 500 a
752 480 800 500 ine
826 469 910 508 ilico,

212 524 350 556 Postilla
374 524 520 564 optigere
545 534 615 555 eam
639 523 813 564 neglegens
837 524 891 554 fui.

333 576 496 609 Continuo
521 588 580 618 pro
604 577 706 609 imbre
731 587 823 608 amor
847 577 996 616 aduenit;

128 632 160 663 Is
184 642 286 671 usque
311 632 342 662 in
368 635 482 672 pectus
507 632 722 672 perinanauit,
748 631 982 671 permadefecit
1005 641 1061 662 cor
1085 641 1200 662 meum⁴

213 685 306 716 Nunc
330 686 426 717 simul
451 696 512 723 res,
538 685 627 720 fides
652 684 747 722 fama,
771 686 887 720 uirtus,
912 685 1011 716 decus
1202 693 1251 717 140

128 740 364 777 Deseruerunt;
389 749 449 779 ego
473 750 543 770 suni
568 739 599 769 in
624 749 685 769 usu
709 739 815 770 faetus
838 739 937 770 nimio
962 739 1105 779 nequior.

128 794 234 834 Atque
258 793 306 824 ita
328 792 440 832 edepol
462 793 554 833 tigna
577 793 744 824 umiditate
768 796 893 833 putent,
916 803 981 824 non
1005 792 1120 823 uideor
1143 792 1220 823 mihi

128 847 256 879 Sarcire
280 857 376 887 posse
400 846 492 878 aedis
516 857 616 884 meae,
639 847 718 887 quin
743 850 833 878 totae
858 851 1036 887 perpetuae
1060 849 1168 884 ruant,

129 901 232 939 Quom
246 900 461 932 fundamenta
474 901 640 941 perierint,
658 911 717 932 nec
735 902 908 941 quisquam
923 911 994 932 esse
1009 900 1130 932 auxilio
1144 905 1252 940 queat.

215 954 279 985 Cor
301 954 399 991 dolet,
424 965 521 996 quom
546 955 624 993 scio,
654 958 691 986 ut
715 965 800 986 nuno
823 966 894 986 sum
919 959 1018 996 atque
1042 958 1080 985 ut
1103 954 1163 985 fui:
1207 962 1256 986 145

215 1009 286 1046 Quo
310 1018 415 1049 neque
440 1008 621 1040 industrior
645 1008 684 1040 de
708 1009 879 1040 iuuentute
903 1013 975 1040 erat

218 1062 391 1103 Quisquam
414 1072 469 1093 nec
491 1062 605 1094 clarior
628 1066 698 1094 arte
723 1064 936 1104 gymnastica,

216 1117 320 1154 Disco,
346 1117 462 1155 hastis,
485 1117 562 1158 pila,
588 1127 693 1154 cursu,
719 1118 828 1154 armis,
854 1128 947 1157 equo.

334 1170 408 1202 Meo
432 1171 537 1202 (mimo
560 1170 645 1202 haud
667 1171 860 1202 uictitabam
885 1171 1002 1212 uolup3

129 1225 333 1256 Parsimonia
357 1228 390 1256 et
414 1225 536 1257 duritia
559 1224 775 1266 discipulinae
800 1225 873 1256 aliis
897 1236 1001 1264 eram3
1207 1234 1255 1258 150

130 1278 264 1320 Optumi
288 1280 408 1320 quique
433 1279 632 1320 expetebant
655 1290 674 1310 a
699 1290 748 1311 me
773 1279 956 1311 doctrinam
981 1281 1052 1312 sibi.

128 1333 223 1364 Nunc
247 1337 420 1374 postquam
444 1334 539 1365 nihili
564 1344 643 1372 sum,
669 1334 701 1365 id
720 1344 797 1365 uero
819 1337 947 1374 meopte
967 1334 1096 1373 ingenio
1114 1334 1254 1374 repperi.

179 1469 479 1502 PHILEMATIUM
515 1471 748 1503 MERETRIX.
818 1472 981 1503 SCAPHA
1016 1470 1210 1503 ANCILLA.

386 1530 683 1563 PHILOLACHES
719 1531 1008 1564 ADULESCENS.

551 1611 841 1644 Philematium

132 1663 200 1694 Iam
225 1663 351 1704 pridem
376 1668 506 1696 ecastor
528 1664 649 1705 frigida
671 1677 735 1698 non
760 1667 827 1699 laui
851 1669 953 1708 magis
977 1669 1138 1707 lubenter,

131 1717 200 1749 Nec
223 1728 323 1759 quom
345 1729 396 1750 me
419 1719 546 1758 melius,
573 1730 644 1752 mea
668 1719 805 1762 Scapha,
831 1733 904 1754 rear
928 1733 997 1754 esse
1022 1723 1204 1755 deficatam.

202 1804 251 1828 132
270 1804 354 1836 opido
373 1804 401 1830 Β
473 1805 521 1830 136
540 1804 705 1831 deturbauit
724 1807 794 1832 texit
813 1807 976 1841 detexitque
1064 1809 1113 1834 137
1132 1807 1259 1841 opticere

135 1846 182 1872 138
201 1845 317 1873 aduenit
336 1848 365 1873 in
384 1856 433 1873 cor
452 1856 544 1873 meum
601 1849 649 1873 140
667 1849 757 1875 uirtus
773 1850 913 1883 decusque
924 1850 959 1882 Β,
979 1851 1126 1884 uirtusque
1143 1851 1227 1877 decus
1240 1849 1263 1876 G

134 1889 183 1914 142
196 1889 241 1916 'ita
259 1890 328 1916 haec
344 1910 349 1916 .
367 1911 372 1916 .
392 1890 491 1922 tingna
510 1890 603 1916 umide
622 1894 718 1924 putan.
737 1892 774 1924 B,
804 1894 843 1920 ita
867 1894 918 1920 hec
942 1894 982 1919 ita
1001 1894 1079 1926 tigna
1098 1893 1192 1919 umida
1210 1902 1259 1926 pu-

132 1934 195 1958 tant
214 1932 236 1959 C
304 1933 387 1958 uideo
461 1934 508 1958 143
528 1936 663 1966 perpetue
736 1937 785 1961 144
803 1936 874 1968 Quin
894 1945 957 1962 cum
976 1936 1158 1962 fundamento

136 1977 252 2002 147—49
322 1977 388 2001 Arte
409 1975 583 2008 gymnastica
603 1975 680 2002 disco
700 1977 787 2004 hastis
805 1978 862 2005 filia

323 2017 409 2044 Cursu
429 2018 513 2043 armis
533 2026 603 2050 equo
615 2039 619 2043 .
632 2039 637 2045 .
649 2020 812 2047 uictitabam
832 2022 918 2055 uolup

135 2060 183 2085 149
202 2060 305 2093 uolupe
318 2059 340 2085 O
396 2060 445 2085 150
464 2058 654 2087 Pax-simoniae
674 2062 794 2090 eduritia
812 2064 941 2098 discipuli
962 2064 1078 2091 nealieis
1134 2064 1178 2089 151
1200 2066 1259 2089 tam

132 2099 306 2126 edoctriuam
377 2103 425 2130 154
444 2114 492 2133 rea
510 2101 767 2135 1·e3.,de.ficatam
787 2106 822 2140 B,
841 2115 933 2132 reares
953 2106 1118 2132 edeficatam
1140 2106 1162 2132 G
