1596 2478
160 210 178 243 1,
200 213 223 243 1,
244 209 310 236 93-
316 210 363 234 105
647 210 812 238 Cistellaria.
1243 215 1283 244 89

158 304 357 346 Conspicillo
382 307 607 335 consectutust
631 305 814 338 clanculum
839 316 888 337 me
913 317 1016 347 usque
1041 306 1082 338 ad
1106 306 1209 345 sores;

156 359 235 390 Inde
259 359 291 390 iu
316 358 493 390 amicitiam
517 359 699 390 insinuauit
722 370 792 391 cum
818 364 922 391 matre
942 364 975 391 et
992 370 1116 392 mecum
1136 362 1230 392 simul
1249 371 1282 395 9ο

157 412 342 450 Blanditiis,
367 412 566 450 muneribus,
590 412 692 444 donis.

666 489 771 521 Lena

638 543 719 575 Mihi
742 545 839 576 istum
865 544 1028 576 hominem
1053 546 1171 577 uellem
1197 546 1283 585 dari3

157 597 197 629 Ut
222 607 280 637 ego
305 597 395 629 illum
420 597 602 629 uorsarem!

619 667 639 699 S
648 678 663 699 e
673 668 682 699 l
691 680 707 699 e
716 669 781 700 niu
793 680 820 700 m

662 721 747 759 Quid
773 728 870 762 opust
895 724 999 755 verbis
1008 724 1023 755 Ῥ
1046 725 1280 757 consuetudine

153 776 253 817 Coepi
277 787 390 809 amare
414 781 527 808 contra
553 786 611 816 ego
636 776 736 807 illum.

665 847 768 879 Lena

772 902 797 934 Ο
822 913 894 934 mea
918 902 1093 943 Selenium,

616 972 814 1005 Selenium

1097 1028 1183 1066 Quid
1207 1030 1278 1061 est?

665 1093 769 1124 Lena

151 1147 356 1178 Adsimulare
381 1157 491 1178 amare
516 1151 662 1188 oportet3
687 1158 762 1179 nam
787 1148 814 1179 si
838 1158 936 1186 ames,
962 1149 1148 1189 extempulo

150 1200 264 1232 Melius
289 1201 335 1232 illi
360 1201 471 1238 multo,
497 1212 592 1242 quem
616 1212 715 1236 ames.
741 1202 892 1233 consulas
917 1212 1015 1242 quam
1040 1203 1087 1234 rei
1111 1207 1197 1234 tuae.
1243 1212 1276 1237 95

608 1286 811 1318 Selenium

147 1341 189 1372 At
212 1340 266 1372 ille
290 1342 458 1381 conceptis
482 1341 604 1372 iurauit
627 1341 737 1373 uerbis
761 1342 847 1382 apud
874 1346 1010 1373 matrem
1034 1353 1150 1379 meam,

146 1394 197 1426 Me
233 1405 367 1426 uxorem
400 1395 574 1426 ducturum
610 1406 691 1427 esse.
756 1396 793 1426 Ei
828 1406 914 1428 nunc
949 1396 1015 1428 alia
1045 1396 1194 1428 ducenda
1224 1400 1275 1429 est

865 1450 1005 1488 domum,

147 1502 213 1533 Sua
236 1506 376 1543 cognata
399 1502 610 1541 Lemniensis,
636 1514 720 1544 quae
745 1504 875 1535 habitat
898 1503 950 1536 hic
972 1505 1004 1535 in
1030 1514 1205 1545 proxum03

146 1556 228 1588 Nam
252 1567 323 1588 eum
347 1560 442 1598 pater
466 1558 536 1589 eius
561 1557 694 1598 subigit.
746 1558 840 1590 Nunc
871 1569 942 1590 mea
971 1562 1078 1590 mater
1105 1559 1192 1590 irata
1222 1562 1272 1590 est

864 1612 952 1651 mihi,

145 1665 229 1703 Quia
251 1676 317 1696 non
341 1665 494 1697 redierim
519 1665 649 1697 domum
667 1666 709 1697 ad
728 1676 771 1704 se,
797 1670 970 1707 postquam
990 1676 1061 1698 eam
1080 1677 1148 1698 rem
1169 1667 1270 1698 resci—

862 1721 976 1759 uerim,
1224 1730 1272 1754 100

144 1773 227 1804 Eum
252 1784 384 1805 uxorem
409 1774 586 1806 ducturum
610 1784 679 1806 esse
704 1775 812 1806 aliam.

656 1851 761 1883 Lena

698 1948 703 1951 Δ
749 1905 837 1936 Nihil
861 1916 880 1937 a
904 1909 1009 1937 matre
1032 1906 1185 1937 iniurium
1209 1911 1268 1938 est.

211 2024 244 2049 89
263 2026 433 2050 consecutus
453 2027 495 2049 est
583 2024 617 2049 90
635 2027 760 2050 cumatre
780 2024 807 2050 B
893 2025 924 2049 91
946 2025 1045 2050 dumis.
1067 2023 1122 2050 GY.
1142 2025 1162 2051 Ι
1236 2026 1269 2051 92

143 2074 212 2098 opus
233 2069 275 2091 est
294 2065 341 2092 IE
426 2066 458 2092 93
478 2066 555 2091 illum
575 2069 604 2091 et
622 2066 668 2091 ille
687 2075 729 2092 me
823 2067 945 2093 selenum
966 2066 1000 2098 E,
1020 2067 1148 2093 silenium
1167 2068 1186 2093 Ι

143 2108 227 2140 quide
307 2109 340 2134 94
359 2109 498 2141 extemplo
580 2109 614 2134 98
632 2117 710 2134 suam
730 2108 760 2134 E
831 2109 963 2135 leniensis
983 2108 1012 2134 E
1088 2109 1233 2136 habitabat
1252 2110 1272 2136 I

142 2149 174 2176 99
193 2150 303 2183 subegit
393 2151 437 2176 101
459 2151 527 2176 nihil
546 2158 638 2176 amore
