1596 2478
145 187 164 220 1,
186 189 208 218 1,
227 186 329 213 50-58
638 184 781 217 Epidicus.
1234 186 1268 214 11

609 277 806 318 Thesprio

145 322 229 362 Quid
253 322 375 363 igitur?

609 373 801 414 Epidicus

392 428 480 467 Quot
503 428 597 460 minis
621 437 687 458 eam
711 426 807 458 emit?

608 486 806 527 Thesprio

823 540 894 578 Tot,
921 540 1141 581 quadraginta
1165 540 1272 572 minis.

143 596 180 628 Id
204 596 285 628 adeo
310 599 480 635 argentum
504 594 545 626 ab
570 594 701 626 danista
725 594 813 635 apud
832 594 963 626 Thebas
984 594 1122 634 sumpsit
1140 593 1272 626 faenore

144 651 179 682 In
204 650 272 682 dies
296 650 467 689 minasque
492 648 620 689 argenti
646 647 791 688 singulas
816 649 964 679 nummis.

610 713 807 754 Epidicus

1022 755 1147 796 Papae!
1239 764 1272 790 55

606 809 806 850 Thesprio

145 866 184 897 Et
208 866 234 897 is
259 864 389 896 danista
412 864 550 895 aduenit
573 873 638 895 una
663 873 734 895 cuni
762 874 800 894 eo
824 865 920 904 atque
945 868 1115 904 argentum
1141 864 1234 904 petit.

609 922 634 954 Ε
643 934 661 963 p
670 923 680 954 i
690 923 709 954 d
719 923 727 953 i
737 933 753 954 c
763 933 782 954 u
794 934 808 954 s

145 979 183 1009 Di
207 977 407 1014 inmortales,
433 981 468 1008 ut
492 987 552 1017 ego
576 977 686 1008 interii
712 975 862 1008 basilice!

606 1036 630 1067 T
639 1036 660 1067 h
668 1046 684 1067 e
694 1047 707 1067 s
717 1047 736 1077 p
744 1037 775 1067 ri
789 1046 806 1067 o

803 1090 888 1128 Quid
912 1090 977 1122 iam
987 1090 1002 1121 ¹?
1026 1093 1084 1122 aut
1108 1089 1186 1130 quid
1210 1094 1270 1127 est,

349 1133 508 1174 Epidice?

609 1186 634 1217 E
644 1186 708 1227 pid
717 1187 726 1217 i
735 1197 751 1218 c
760 1197 803 1218 us

561 1239 708 1272 Perdidit
732 1251 791 1272 me.

610 1299 635 1331 T
644 1299 665 1331 h
673 1310 689 1331 e
698 1311 712 1332 s
722 1311 742 1341 p
751 1301 808 1331 rio

352 1353 451 1392 Quis?

612 1407 808 1448 Epidicus

496 1460 565 1492 Ille.
591 1461 646 1501 qui
672 1461 817 1501 perdidit
841 1472 942 1493 arma

610 1520 803 1561 Thesprio

146 1563 229 1595 Nam
253 1563 331 1604 quid
355 1563 424 1594 ita?

610 1617 809 1658 Epidicus

337 1669 422 1708 Quia
446 1671 582 1702 cottidie
606 1671 676 1712 ipse
701 1671 742 1702 ad
768 1682 817 1702 me
842 1671 883 1702 ab
908 1671 1034 1712 legione
1059 1671 1219 1712 epistulas
1242 1680 1276 1705 60

144 1723 300 1756 Mittebat
322 1742 364 1746 —
388 1724 451 1756 Sed
486 1729 612 1757 taceam
647 1728 862 1765 optumumst.
924 1725 1002 1756 Plus
1037 1726 1120 1757 scire
1155 1726 1275 1758 satiust

865 1790 964 1819 quam
987 1779 1077 1818 loqui

351 1831 488 1863 Seruom
512 1832 691 1871 hominem;
716 1843 754 1864 ea
778 1833 981 1874 sapientiast.

610 1897 810 1938 Thesprio

352 1949 469 1983 Nescio
495 1950 621 1991 edepol,
646 1951 726 1992 quid
752 1956 786 1982 tu
812 1951 944 1983 timidus
968 1962 1011 1983 ex.

231 2078 264 2103 53
281 2077 451 2111 Reddigitur
510 2086 570 2104 eam
581 2077 651 2104 omit
661 2085 710 2104 om.
754 2079 787 2104 56
806 2086 839 2104 eo
851 2078 897 2111 qui
909 2081 1055 2111 argentum
1115 2079 1148 2104 57
1167 2078 1274 2105 balisee

144 2119 246 2146 58—59
265 2127 318 2146 uno
336 2128 415 2146 versu
485 2121 519 2146 60
537 2119 610 2146 Num
681 2121 783 2146 62—63
802 2127 858 2146 uno
876 2128 964 2147 versu.
