1596 2478
138 186 159 219 1.
177 188 203 219 2,
222 186 324 213 48—55
606 186 788 212 Menaechmi.
1195 186 1253 216 169

555 280 585 311 M
594 291 610 312 e
619 291 638 312 n
648 291 667 312 a
675 291 691 312 e
699 291 716 312 c
724 281 745 312 h
755 291 785 312 m
793 291 813 312 u
821 291 836 312 s

137 334 286 367 Concede
310 334 371 366 huc
395 345 415 366 a
438 334 571 366 foribus.

586 393 803 426 Peniculus

615 447 699 479 Fiat.

556 519 588 551 M
597 529 613 550 e
621 530 640 550 n
648 529 667 550 a
675 529 691 550 e
699 529 715 550 c
724 519 744 550 h
753 530 782 550 m
792 530 811 550 u
820 530 834 551 s

737 573 845 604 Etiam
871 574 1011 605 concede
1036 573 1105 605 huc.

587 633 611 664 P
619 643 635 664 e
643 644 663 664 n
671 634 681 664 i
691 643 708 664 c
715 643 734 664 u
743 632 781 664 lu
791 644 805 665 s

1155 686 1255 717 Licet.

552 747 583 779 M
591 758 608 778 e
616 758 635 778 n
643 757 662 778 a
671 757 688 778 e
698 757 715 778 c
723 746 744 777 h
751 757 782 778 m
790 758 810 778 u
821 757 835 778 s

138 803 243 835 Etiam
268 813 352 834 nuuc
376 802 516 834 concede
540 801 699 833 audacter
722 801 764 833 ab
787 801 917 833 leonino
942 811 1033 833 cauo.
1209 810 1258 834 160

572 870 792 901 Peniculus

136 926 184 958 Eu
209 926 325 967 edepol
348 936 388 957 ne
411 929 457 964 tu,
482 929 518 956 ut
542 934 600 964 ego
624 925 747 965 opinor,
771 934 859 955 esses
883 924 1027 965 agitator
1051 923 1181 964 probus.

606 995 889 1027 Menaechmus

137 1040 198 1079 Qui
223 1040 322 1072 dum?

587 1098 807 1130 Peniculus

372 1153 421 1186 Ne
444 1157 477 1186 te
500 1163 582 1185 uxor
605 1156 774 1194 sequatur,
798 1155 961 1193 respectas
984 1152 1171 1184 identidem.

554 1224 835 1256 Menaechmus

138 1280 200 1313 Sed
224 1280 303 1322 quid
326 1280 398 1312 ais?

587 1339 806 1370 Peniculus

250 1394 381 1435 Egone?
415 1394 452 1425 Id
476 1394 569 1432 enim,
595 1393 682 1434 quod
706 1398 742 1424 tu
766 1394 825 1431 uis,
849 1393 881 1424 id
906 1393 958 1424 aio
982 1396 1082 1433 atque
1106 1392 1138 1423 1d
1163 1403 1256 1432 nego.

560 1464 837 1496 Menaechmus

139 1520 264 1561 Ecquid
289 1524 324 1552 tu
349 1521 388 1551 de
413 1520 511 1551 odore
535 1520 652 1560 possis,
676 1520 701 1550 si
727 1519 804 1560 quid
828 1518 912 1551 forte
938 1518 1098 1556 olfeceris,

138 1574 260 1606 Facere
284 1574 526 1606 coniecturam?

592 1633 804 1665 Peniculus

573 1687 712 1729 Captum
735 1687 755 1727 †
778 1689 821 1720 sit
844 1688 1016 1728 collegium
1210 1696 1259 1721 165

565 1791 835 1822 Menaechmus

142 1847 207 1887 Age
226 1846 311 1885 dum,
331 1847 470 1878 odorare
488 1847 583 1886 hanc,
604 1856 702 1887 quam
722 1856 781 1886 ego
802 1845 917 1883 habeo,
938 1845 1067 1885 pallam,
1089 1844 1165 1885 quid
1184 1844 1259 1876 olet.

856 1916 896 1921 ——
921 1899 1096 1931 Abstines‘?

212 2006 258 2030 159
277 2003 326 2030 fiat
344 2004 427 2029 etiam
440 2025 444 2030 .
456 2004 491 2030 M.
510 2003 631 2029 concede
651 2003 705 2029 huc
724 2003 789 2028 licet
808 2002 834 2028 Β
898 2003 943 2028 162
960 2009 1098 2035 personas
1116 2010 1165 2028 om.
1185 2000 1212 2027 B

142 2050 273 2080 sequatus
294 2046 316 2073 C
403 2048 450 2072 163
469 2047 527 2080 affl's
612 2046 639 2071 id
659 2046 725 2072 dato
746 2046 767 2071 G
850 2053 922 2077 nega
943 2044 964 2071 Ο
1051 2046 1099 2070 164
1118 2044 1175 2070 Hec
1195 2044 1263 2078 quid

146 2090 191 2115 165
210 2091 402 2116 coniecturum
424 2089 446 2115 C
514 2088 593 2115 PEN.
613 2097 661 2115 om.
736 2090 783 2115 166
803 2096 852 2114 om.
870 2087 921 2113 Bc
991 2089 1038 2113 167
1057 2087 1118 2114 ME.
1138 2095 1188 2114 om.

143 2132 232 2165 palam
253 2132 275 2158 C
341 2132 415 2165 quod
435 2131 462 2158 B
