1596 2478
173 202 218 235 lv,
239 205 262 236 l,
286 203 373 234 16-2,
395 203 425 228 12
679 202 788 228 Casina.
1247 205 1282 234 61

172 297 268 329 Aulas
292 299 494 337 perum-tunt,
519 297 624 336 ignem
648 298 852 336 restinguent
876 307 970 338 aqua.
1236 305 1286 330 725

171 351 303 383 Illarum
326 355 420 382 oratu
443 350 582 389 faciunt3
606 350 680 381 illae
705 355 813 382 autem
836 361 943 382 senem

171 404 312 446 Cupiunt
335 404 507 436 extrudere
531 405 715 435 incenatum
740 415 778 436 ex
802 404 947 436 aedibus.

172 459 215 491 Ut
238 460 327 500 ipsae
352 459 441 490 solae
465 463 596 490 uentres
620 458 810 489 distendant
834 469 918 490 suos,

171 513 254 545 Noui
278 513 350 544 illas
375 512 599 550 ambestrices;
624 512 783 543 corbitam
809 512 870 543 cibi
1236 523 1288 548 730

171 566 321 598 Comesse
346 571 489 607 possunt.
537 566 598 597 Sed
624 567 768 607 aperitur
792 567 919 597 ostium.

453 732 690 764 LYSIDAMUS
737 731 1008 764 PARDALISCA.
1227 733 1283 765 DU

608 826 844 868 Lysidamus

171 883 202 913 Si
228 882 352 922 sapitis,
376 892 466 917 uxor,
491 891 548 912 uos
572 885 678 912 tamen
703 881 872 915 cenabitis.

169 933 257 966 Cena
281 935 335 966 ubi
359 936 421 966 erit
445 939 553 971 c‹›cta-‚
578 946 636 975 ego
661 936 726 966 ruri
752 945 922 966 cenauero.

169 989 250 1020 Nam
275 1000 391 1021 nouom
416 990 565 1020 maritum
590 994 622 1020 et
645 1000 762 1020 nouam
786 994 922 1028 nuptam
946 989 1020 1020 uolo

169 1043 235 1074 Rus
260 1044 414 1084 prosequi
436 1061 477 1064 —
502 1044 576 1075 noui
602 1043 765 1074 homiuum
790 1053 894 1074 mores
918 1043 1082 1075 maleficos
1105 1061 1145 1065 —
1234 1054 1283 1079 735

167 1096 215 1129 Ne
238 1098 310 1137 quis
334 1108 403 1128 eam
427 1098 579 1138 abripiat.
626 1098 737 1129 Facite
761 1101 871 1129 nostro
895 1098 1004 1128 animo
1030 1098 1137 1139 uolup.
1179 1104 1181 1106 '

168 1150 231 1183 Sed
255 1157 428 1192 properate
452 1153 551 1183 istum
576 1156 674 1192 atque
698 1153 794 1183 istam
819 1156 962 1182 actutum
987 1152 1150 1190 emittere,>

167 1205 311 1237 Tandem
337 1209 372 1237 ut
395 1206 564 1238 ueniamus
589 1206 660 1237 luci.
708 1205 774 1245 Ego
798 1216 870 1237 cras
894 1205 946 1236 hic
969 1216 1041 1240 ero:

167 1257 246 1290 Cras
271 1259 424 1298 habuero,
449 1270 539 1298 uxor,
564 1271 622 1300 ego
647 1267 753 1291 tamen
780 1260 976 1291 conuiuium.

605 1328 847 1360 Pardalisca

166 1381 227 1418 Fit,
251 1382 337 1422 quod
361 1382 507 1413 futurum
532 1382 613 1414 dixi:
636 1384 820 1414 incenatum
843 1393 951 1414 senem

166 1436 267 1467 Foras
291 1436 468 1467 extrudunt
492 1437 652 1469 mulieres.
1233 1448 1284 1472 740

606 1505 842 1547 Lysidamus

698 1559 782 1597 Quid
807 1564 840 1590 tu
866 1560 918 1591 hic
941 1561 1032 1600 agis?

600 1628 842 1660 Pardalisca

167 1682 234 1722 Ego
258 1692 304 1720 eo,
329 1692 392 1723 quo
417 1692 466 1713 me
490 1683 562 1723 ipsa
586 1683 681 1714 misit.

605 1751 842 1792 Lysidamus

712 1805 818 1837 Ueron
845 1806 970 1838 scerio?

166 1859 250 1898 Quid
273 1859 324 1891 hic
347 1859 516 1900 speculare
522 1839 541 1890 ἶ).

248 1979 298 2004 726
316 1978 477 2012 restingunt
563 1979 612 2005 728
630 1979 658 2005 in
678 1988 774 2006 cenam
793 1979 828 2011 B,
847 1980 974 2005 incenem
993 1980 1039 2006 IE
1115 1982 1164 2006 '729
1184 1981 1278 2007 ambas

165 2021 279 2048 esu-icas
402 2022 544 2048 corbitant
561 2021 640 2054 BIE‚
660 2023 796 2049 corbitam
816 2023 841 2048 A
962 2024 1014 2049 tibi
1034 2023 1067 2055 B,
1087 2023 1125 2049 ibi
1147 2024 1168 2055 Ι,
1190 2024 1234 2049 ubi
1255 2023 1284 2049 Ε

163 2065 210 2090 731
233 2063 331 2090 comes
350 2072 409 2090 esse
419 2063 493 2090 ΒΙΕ
533 2051 706 2091 “Ancum
727 2064 846 2090 SENEX
899 2066 948 2091 736
967 2065 1113 2099 aripiatE,
1133 2066 1247 2099 arripiat
1265 2067 1284 2092 I

233 2107 333 2140 uolupe
409 2108 459 2133 737
478 2107 535 2133 Hac
555 2112 645 2134 tutum
665 2107 694 2133 Ε
760 2109 810 2133 739
829 2116 881 2140 ego
901 2116 949 2134 om.
970 2109 988 2134 I
1060 2110 1110 2134 742
1128 2109 1234 2134 miserit
1256 2109 1282 2134 Ε

164 2151 214 2175 743
232 2150 275 2176 hic
295 2157 345 2176 om.
364 2149 393 2175 Ε
