1596 2478
612 190 641 216 V.
660 191 710 216 868
721 191 804 216 -887.
1204 193 1260 221 361

144 288 225 316 cuius
249 287 364 316 facetiae
387 287 496 315 nullius
520 288 607 324 pretii
631 288 705 323 sint,
735 297 791 316 nou
824 291 969 325 argentean
998 290 1122 316 monetae
1153 287 1265 315 similes

143 338 193 367 sed
217 338 370 376 plumbeae,
395 338 456 366 fere
480 341 513 366 ut
537 338 647 367 Fronto
671 350 698 377 p.
728 340 783 368 161
811 339 884 368 Nab.
911 340 1073 368 orationem
1094 338 1134 366 M.
1149 338 1264 366 Aurelii

143 391 288 428 castigans
325 385 515 426 „Monetam“
546 390 645 427 inquit
675 390 774 425 „illum
803 393 930 419 veterem
960 393 1104 425 sectator3
1134 389 1264 428 plumbei

143 442 252 470 nummi
276 444 305 470 et
328 442 469 478 cuiusque
492 441 571 470 modi
602 442 761 470 adulterini
786 443 815 470 in
844 443 911 470 istis
941 442 1110 470 recentibus
1139 441 1264 469 nummis

142 494 248 531 saepius
271 494 461 522 inveniuntur
485 503 572 530 quam
596 494 625 521 in
650 491 806 522 vetustis“.
850 490 994 522 Plumbez'
1023 496 1120 521 autom
1145 489 1265 520 nummi

142 545 328 582 intelligendi
352 547 420 573 sunt
442 554 500 573 non
512 544 680 582 Polycratei
700 545 752 580 illi,
767 555 841 582 quos
860 548 1069 573 commemorat
1088 544 1196 572 Herod.
1210 543 1263 579 III,

142 595 190 632 56,
215 606 287 625 auro
301 596 431 630 obducti,
454 595 506 624 sed
519 606 588 624 vere
608 597 750 634 plumbei,
772 597 884 624 minimi
904 607 935 624 ac
954 596 1015 624 fere
1035 596 1145 623 nullius
1164 596 1263 632 pretii,

141 657 265 685 quorum
290 649 399 676 mentio
423 648 455 676 fit
468 647 562 676 Oasin.
579 649 648 676 238.
664 647 793 676 Martial.
813 647 835 683 I,
853 648 921 685 100,
946 648 963 676 9
988 657 1069 685 sqq.:
1097 647 1206 682 „abisti
1229 646 1262 675 In

141 702 253 728 tantam
277 700 366 728 miser
388 700 587 734 esuritionem,
617 699 658 728 Ut
681 700 816 728 convivia
839 700 1070 736 sumptuosiora,
1099 698 1175 727 Toto
1199 708 1264 736 quae

141 751 230 779 semel
249 760 376 788 apparas
394 751 423 779 in
443 761 528 786 ann0,
541 751 641 788 Nigrae
659 750 796 779 sordibus
810 750 938 788 explices
951 753 1087 785 mouetae,
1101 750 1139 778 Et
1152 754 1263 788 septem

141 805 255 831 veteres
278 804 323 831 tui
347 802 462 831 sodales
482 802 656 831 Constemus
679 802 735 830 tibi
757 801 895 840 plumbea
914 800 1053 837 selibra“‚
1073 804 1102 830 et
1114 801 1151 834 X,
1166 802 1214 836 74,
1229 802 1263 830 4:

143 863 252 890 „quam
275 854 326 882 diu
350 854 496 883 salutator
520 877 526 883 .
546 877 552 883 .
573 877 579 882 .
605 856 722 882 centum
747 853 882 882 merebor
904 853 1057 890 plumbeos
1083 854 1130 881 die
1154 852 1260 881 ῒοίῑοῖ)α

139 904 267 933 Exstant
296 905 444 943 hodieque
473 915 532 934 non
560 915 654 943 pauca
684 905 770 933 huius
799 906 917 943 generis
947 905 1130 943 exemplaria
1158 905 1204 933 vel
1228 914 1264 933 ex

139 956 278 985 Numidia
291 954 332 993 (v.
346 957 481 993 Mueller,
495 957 732 994 Numismatique
747 956 782 985 de
795 957 958 985 l’nncienne
971 957 1094 994 Afrique
1109 956 1152 984 III
1163 967 1192 995 p.
1209 953 1262 992 31)

139 1008 186 1036 vel
214 1018 250 1036 ex
272 1008 404 1046 AEgypto
428 1006 542 1044 (Revue
561 1008 596 1036 de
614 1008 854 1045 Numismatique
875 1009 952 1036 1861
979 1019 1008 1046 p.
1033 1009 1094 1036 407
1115 1018 1180 1045 sqq.
1200 1008 1260 1036 tab.

138 1057 252 1096 XVIII)
270 1061 316 1089 vel
341 1070 376 1088 ex
393 1059 489 1088 Gallia
507 1060 631 1097 ipsaque
651 1059 772 1096 Graecin,
800 1069 825 1088 v.
846 1059 1035 1094 Lenormant,
1061 1059 1103 1088 La
1122 1059 1262 1087 Monnaie

139 1111 212 1139 dans
229 1107 396 1149 l’antiquite
419 1111 432 1139 I
454 1121 483 1149 p.
502 1112 571 1140 207.
606 1111 708 1148 Engel.
733 1112 763 1140 in
788 1111 916 1139 Bulletin
940 1111 976 1139 de
1000 1110 1262 1148 Correspondance

139 1163 313 1201 Hellenique
331 1163 400 1192 VIII
418 1163 458 1200 pl.
471 1162 578 1191 I—VI.
600 1177 636 1182 --
661 1163 731 1191 878.
761 1160 866 1191 Noui&
876 1169 949 1191 erus
960 1169 1016 1197 mo,
1041 1163 1076 1190 cf.
1092 1163 1174 1190 Asin.
1189 1163 1261 1190 453.

138 1229 179 1233 —
207 1212 339 1251 oportet,
374 1224 413 1243 sc.
445 1216 574 1250 novisse,
610 1215 720 1253 quippe
756 1214 873 1252 quicum
909 1214 1016 1242 cubare
1050 1214 1159 1249 soleat3
1194 1223 1261 1241 nam

138 1262 291 1295 culcitella
323 1267 385 1295 sive
419 1266 560 1295 culcitula
585 1264 694 1303 (Lucil.
718 1265 804 1294 XXX
827 1276 854 1294 v.
886 1263 938 1303 41)
973 1265 1187 1294 deminutivum
1219 1267 1263 1293 est

138 1319 261 1353 culcitae,
286 1318 364 1356 quod
377 1318 488 1355 legitur
506 1317 570 1346 Cas.
597 1319 667 1346 286.
692 1316 809 1353 oportet
831 1317 866 1345 <le
891 1318 995 1353 logica,
1021 1327 1107 1354 quam
1128 1317 1261 1351 dicimus,

139 1371 325 1404 necessitate,
357 1379 383 1398 v.
414 1369 512 1397 Madv.
538 1369 602 1397 Em.
629 1369 692 1397 Liv.
709 1367 720 1385 ²
742 1379 771 1406 p.
800 1369 867 1397 100.
914 1369 1012 1398 Plaut.
1037 1368 1142 1406 Amph.
1171 1369 1261 1396 1024.

138 1422 220 1449 Asin.
246 1420 316 1449 378.
363 1420 440 1449 Men.
464 1422 533 1450 595.
580 1420 684 1449 Pseud.
710 1421 780 1448 617.
827 1420 916 1448 Poeu.
945 1420 1034 1448 1027.
1063 1421 1152 1448 1070.
1184 1420 1260 1448 Rud.

138 1474 208 1501 254.
240 1474 310 1501 557.
339 1473 428 1501 1096.
464 1473 500 1500 al.
537 1487 576 1491 -
611 1473 681 1500 879.
719 1470 884 1509 „nequeas“
923 1471 968 1500 ed.
1004 1482 1048 1508 pr.
1080 1471 1259 1500 Sonnensch.

140 1524 228 1560 „mihi
256 1534 309 1552 nec
332 1522 399 1552 eus“
426 1525 656 1561 interpretatur:
684 1523 715 1559 „1
739 1519 816 1552 can't
839 1526 889 1560 get
911 1533 970 1560 you
994 1527 1025 1551 to
1049 1522 1115 1560 go“,
1141 1523 1208 1551 coll.
1232 1533 1259 1551 v.

138 1577 198 1604 860
234 1580 263 1604 et
297 1575 368 1604 Fest
403 1586 431 1613 p.
459 1576 527 1611 162,
563 1575 684 1604 frustra.
720 1590 761 1595 —-
796 1575 866 1603 880.
898 1572 943 1603 ito
972 1574 1116 1602 Gruterus
1143 1585 1196 1602 em.
1222 1590 1262 1593 —

138 1628 294 1656 882—86.
340 1627 385 1655 Ex
415 1627 461 1655 his
489 1627 618 1664 quinque
647 1626 776 1663 veribus,
807 1627 858 1664 qui
889 1627 918 1654 in
943 1626 966 1653 A
991 1636 1042 1654 sex
1066 1630 1143 1661 sunt,
1168 1636 1263 1664 pauca

137 1679 271 1717 quaedam
306 1678 346 1707 ibi
380 1679 454 1716 legit
483 1678 715 1712 Studemundus,
751 1688 778 1706 v.
802 1678 907 1706 Annal.
937 1677 1008 1715 phil.
1034 1677 1128 1706 CXIII
1157 1688 1186 1716 p.
1212 1679 1261 1706 72.

137 1731 181 1759 Eo
205 1733 324 1759 auctore
348 1731 423 1758 duos
447 1731 559 1768 primos
588 1729 729 1758 iambicos
759 1730 891 1758 senarios
922 1730 1073 1765 constitui,
1104 1730 1134 1757 in
1162 1731 1262 1767 priore

137 1783 246 1810 omisso
259 1778 319 1817 his,
343 1791 521 1819 quamquam
546 1783 634 1809 etiam
654 1782 722 1809 inA
741 1782 870 1818 spatium
895 1791 952 1809 non
976 1790 1100 1818 parvum
1126 1781 1262 1809 hocloco

137 1836 229 1872 patet,
255 1834 284 1861 iu
308 1834 402 1861 altero
426 1833 538 1862 relictis
562 1833 713 1861 codicibus
745 1832 852 1861 ceteris
882 1832 1109 1870 palimpsestum
1137 1836 1263 1868 secutus,

137 1887 166 1914 in
190 1895 249 1922 quo
273 1885 359 1913 Stud.
383 1885 439 1913 sibi
462 1885 560 1922 legere
583 1885 664 1913 visus
688 1887 753 1912 erat
778 1883 931 1912 ASAPER
945 1907 950 1912 .
966 1907 971 1912 .
987 1883 1110 1912 FORIS.
1130 1898 1171 1902 -—
1192 1885 1262 1912 884.

138 1936 340 1966 Studemundo
374 1937 462 1974 plura
495 1938 526 1964 in
554 1937 580 1964 A
614 1936 705 1964 fuisse
739 1935 935 1970 videbantur3
972 1935 1056 1963 addit
1090 1935 1126 1963 ab
1161 1935 1261 1964 initio:

140 1986 286 2023 „Homo“.
310 2002 352 2006 —-
376 1988 446 2016 885.
482 1987 526 2016 Ab
552 1984 593 2016 Ut
610 1986 636 2014 A
655 1997 762 2015 novum
786 1996 903 2015 versum
928 1987 1046 2024 incipit;
1070 1987 1211 2015 terminat
1234 1987 1263 2014 in

137 2038 348 2068 MAGISCAU.

224 2092 294 2120 887.
329 2090 553 2128 Theopropides
583 2092 613 2118 et
635 2089 747 2118 Tranio
771 2090 914 2127 inspectis
943 2089 1055 2118 aedibus
1085 2089 1212 2117 redeunt
1235 2092 1265 2117 et

136 2142 214 2171 inter
237 2152 267 2171 se
291 2142 502 2180 colloquuntur
524 2141 701 2180 septenariis
724 2140 893 2170 trochaicis.
940 2140 1131 2179 Aliquamdiu
1155 2139 1261 2179 (usque
