1596 2478
151 190 182 219 V.
201 191 225 222 8,
248 190 319 221 1-9,
339 190 354 215 2
615 189 794 216 Menaechmi.
1212 191 1269 221 231

372 325 666 358 MENAECHMUS
691 325 775 365 (II).
832 325 1055 359 MESSENIO.

570 423 852 455 Menaechmus

150 476 224 508 Men
248 476 344 508 hodie
368 487 506 518 usquam
531 477 721 508 conuenisse
740 480 782 514 te,
800 477 917 512 audax„
942 478 1042 509 audes
1062 477 1179 514 dicere,
1206 484 1272 511 1030

151 530 329 572 Postquam
353 531 527 562 aduorsum
552 530 630 562 mihi
653 531 803 570 inperaui
826 534 861 562 ut
886 531 949 562 hue
972 531 1122 563 uenires?

608 589 811 621 Messenio

1066 633 1151 671 Quin
1175 633 1271 665 niodo

151 686 273 727 Eripui,
298 687 444 719 homines
468 698 567 728 quom
592 687 742 719 ferebant
765 691 797 719 te
821 687 982 719 sublimen
1007 692 1175 728 quattuor,

150 741 244 781 Apud
268 741 365 772 hasce
385 741 488 779 aedis3
514 745 549 772 tu
568 741 734 772 clamabas
753 741 848 773 deum
870 742 966 772 fidem
985 747 1084 783 atque
1103 741 1270 773 hominum

865 796 1019 833 oninium,

149 848 254 885 Quom
279 859 338 889 ego
361 849 498 880 adourro
524 853 622 890 teque
646 851 747 890 eripio
771 850 803 881 ui
828 849 1013 891 pugnando,
1039 850 1198 889 ingratiis.

149 902 199 933 Ob
223 913 292 933 eam
318 913 394 939 rem,
419 904 494 944 quia
519 908 550 934 te
575 904 717 942 seruaui,
744 914 793 935 me
818 904 957 935 amisisti
982 904 1132 935 liberum.
1208 912 1272 938 1035

148 957 251 995 Quom
277 961 447 996 argentum
473 957 536 988 dixi
563 968 611 989 me
631 962 742 998 petere
761 962 794 990 et
811 968 902 996 uasa,
926 962 961 990 tu
983 962 1142 998 quantum
1163 962 1270 998 potest

149 1011 408 1043 Praecucurristi
433 1011 574 1050 obuiam,
598 1016 644 1050 ut,
667 1023 750 1052 quae
775 1012 892 1050 fecisti,
915 1011 1038 1043 infitias
1064 1022 1131 1044 eas.

558 1072 844 1104 Menaechmus

148 1125 301 1157 Liberum
326 1135 384 1164 ego
409 1129 440 1156 te
465 1126 543 1156 iussi
568 1126 682 1157 abire?

611 1185 812 1217 Messenio

723 1239 829 1271 Certo.

570 1299 850 1332 Menaechmus

891 1354 976 1392 Quin
1000 1355 1271 1388 certissumumst.

149 1406 257 1447 Mepte
276 1408 385 1447 potius
406 1407 474 1438 tieri
493 1417 630 1445 seruom,
650 1418 747 1449 quam
766 1412 798 1440 te
817 1419 973 1449 umquam
994 1410 1141 1441 emittam
1160 1420 1269 1442 manu.

148 1593 442 1626 MENAECHMUS
464 1594 515 1626 ET
535 1594 703 1627 FRATER
720 1595 826 1628 EIUS.
857 1595 1071 1629 MESSENIO
1093 1597 1268 1630 SERUOS.

549 1692 827 1725 Menaechmus
850 1693 865 1725 I

149 1744 184 1775 Si
197 1744 296 1776 uoltis
310 1755 367 1786 per
380 1746 491 1777 oculos
510 1746 627 1783 iurare,
647 1746 749 1778 nihilo
768 1747 879 1779 hercle
899 1758 938 1779 ea
956 1758 1057 1780 causa
1078 1750 1180 1789 magis
1206 1757 1272 1783 1040

149 1798 300 1837 Facieffis,
325 1803 362 1830 ut
374 1810 432 1840 ego
446 1799 541 1832 hodie
555 1800 747 1832 abstulerim
762 1801 882 1842 pallam
897 1806 929 1833 et
942 1803 1076 1842 spinter,
1090 1813 1271 1843 pessumae.

218 1916 447 1945 MENECHMUs
466 1919 572 1945 ADOL.
591 1919 776 1946 MESSENIO
795 1919 963 1947 SOSICLES
987 1919 1010 1946 Β
1067 1922 1132 1948 1030
1147 1925 1174 1948 te
1190 1930 1239 1949 om.
1253 1922 1276 1949 C

151 1961 213 1985 1031
235 1968 317 1993 quom
337 1960 364 1986 B
437 1963 500 1987 1032
518 1963 564 1995 qui
584 1966 611 1988 te
630 1962 758 1988 ferebant
832 1964 978 1997 suplimem
998 1963 1020 1990 C
1095 1965 1161 1991 1034
1180 1965 1223 1991 uel
1242 1966 1272 1991 in

148 2002 299 2035 pugnaudo
310 2002 346 2034 Β,
366 2004 554 2036 oppugnando
567 2004 590 2031 0
642 2006 706 2031 1035
725 2005 860 2032 Obeatam
880 2015 939 2032 rem
951 2006 978 2032 B
1034 2008 1099 2033 1036
1117 2007 1272 2041 argentoB

218 2049 299 2078 potes
319 2045 341 2072 Ο
413 2047 479 2073 1038
498 2047 579 2074 MES.
599 2051 624 2073 et
641 2047 729 2074 ΜΕΝ.
749 2056 798 2075 om.
818 2048 845 2075 B
916 2050 960 2076 cui
1038 2051 1103 2076 1039
1121 2055 1232 2084 meapte
1255 2050 1276 2078 C

217 2089 358 2113 emitteam
379 2088 401 2114 C
462 2090 528 2115 1040
546 2090 657 2116 occulos
677 2090 698 2117 Ο
756 2092 818 2117 1041
841 2092 1011 2118 abstulerem
1031 2091 1052 2118 C
1103 2102 1215 2126 pesmae
1237 2093 1271 2122 Β,

149 2130 272 2163 pessime
293 2130 315 2157 C
