1596 2478
168 209 220 241 111,
238 210 263 240 6„
287 210 384 235 16—23
669 208 774 235 Casina.
1242 209 1280 238 59

606 303 842 343 Lysidnmus

169 357 251 395 Quid
276 360 381 390 nunc?
405 368 500 399 quam
527 368 597 390 mox
621 367 751 389 recreas
776 358 848 388 me‘?

634 463 812 504 Olympio

766 517 854 549 Cena
877 518 972 549 modo
995 519 1020 549 si
1045 519 1088 550 sit
1111 523 1211 550 cocta.
1231 527 1282 553 700

606 617 837 657 Lysiam-mus

169 672 240 704 Huc
264 673 289 704 si
314 683 390 712 ergo
414 672 534 704 abeant
558 682 703 713 propere.

639 778 815 818 Olympio

627 831 700 863 Cito
723 832 809 864 intro
832 833 877 864 ite
901 836 934 864 et
957 834 1021 864 cito
1045 833 1278 874 deproperatez

166 887 234 926 Ego
258 887 321 918 iam
344 888 430 918 intus
455 897 508 918 ero
557 886 666 918 Facite
691 896 757 917 eam
781 897 892 918 cenam
918 887 1005 923 mihi,
1028 891 1064 918 ut
1087 887 1178 919 ebria
1202 888 1259 922 sit:

165 940 226 972 Sed
251 940 358 982 lepide
381 941 550 981 nitideque
575 941 665 979 110103
689 941 767 972 nihil
794 952 901 972 moror
924 941 1096 972 barbarico
1121 942 1194 972 ritu.

166 994 304 1026 Stasne‘?

605 1086 842 1127 Lysidamus

278 1141 291 1172 I
315 1144 349 1172 tu
373 1142 436 1172 iam
459 1141 519 1179 sis;
543 1151 602 1181 ego
626 1141 678 1173 hic
702 1142 822 1174 habito.

634 1247 814 1287 Olympio

697 1301 780 1333 Num
805 1302 885 1343 quid
909 1303 981 1334 est?

605 1403 842 1445 Lysidamus

713 1458 857 1492 Gladios.
882 1459 975 1490 modo
998 1469 1077 1499 quae
1100 1459 1171 1491 hinc
1192 1458 1280 1497 abiit,

164 1511 258 1543 Duos
277 1511 427 1544 Casinam
448 1514 535 1544 intus
559 1513 678 1545 habere
703 1514 758 1547 ait,
784 1514 838 1554 qui
861 1524 910 1545 me
936 1517 1036 1554 atque
1054 1517 1086 1544 te
1105 1514 1278 1545 interimat.

637 1618 812 1658 Olympio

163 1671 245 1703 Scio.
293 1672 346 1704 Sic
371 1673 438 1703 sine
463 1672 599 1704 habere.
624 1682 726 1712 nugas
750 1677 866 1713 agunt3
896 1674 971 1704 noui
995 1684 1053 1714 ego
1077 1673 1151 1705 illas
1176 1673 1279 1705 malas

872 1738 1006 1759 merces.
1229 1736 1280 1762 706

163 1778 246 1817 Quin
269 1783 304 1811 tu
327 1781 338 1811 i
362 1779 457 1811 modo
480 1791 606 1812 mecum
630 1780 771 1812 domum.

246 1940 297 1965 700
315 1939 431 1972 Quidem
452 1939 482 1965 E
548 1942 594 1966 701
617 1961 690 1967 .....
703 1948 769 1973 ergo
788 1941 913 1967 habeant
931 1940 1006 1972 BIE
1073 1941 1145 1967 scito
1164 1941 1278 1967 introite

163 1985 191 2008 et
209 1982 279 2008 scito
299 1981 328 2007 E
418 1986 565 2016 properate
584 1983 607 2009 A
705 1984 755 2010 702
774 2003 780 2008 .
808 1984 878 2009 .iam
898 1983 973 2010 BIE
1063 1993 1124 2011 eam
1142 1992 1192 2010 om.

162 2033 232 2051 cena
249 2025 275 2050 A
336 2025 432 2051 hebria
450 2024 479 2051 E
538 2029 580 2051 est
597 2024 674 2053 BLE
736 2027 786 2052 703
857 2027 947 2059 lepide
967 2026 1042 2053 BIE
1106 2028 1156 2052 704
1175 2045 1198 2051 ..
1210 2047 1215 2051 .
1228 2045 1232 2050 .
1244 2036 1278 2052 ne

163 2068 245 2093 etiam
267 2067 341 2093 ΒΙΕ
394 2069 401 2093 i
421 2069 459 2094 sis
478 2068 513 2095 B.
534 2070 556 2094 is
576 2069 615 2095 sis
634 2067 680 2096 IE
730 2078 804 2095 nunc
824 2069 889 2103 quid
910 2070 932 2094 A
977 2070 1003 2103 gl
1017 2091 1108 2097 ......
1120 2078 1214 2095 mo...
1246 2070 1278 2096 A.

163 2109 190 2136 Β
208 2117 267 2138 om..
287 2113 427 2136 ceteorum
448 2110 482 2143 E,
501 2116 621 2137 ceterum
642 2112 716 2145 quod
736 2120 828 2138 morae
848 2113 881 2138 sit
902 2114 920 2139 Ι
1017 2115 1066 2139 705
1086 2113 1278 2139 ....Casinam

265 2153 366 2178 inuitat
383 2152 456 2179 BIE
