1596 2478
138 182 170 216 V.
191 185 214 214 1.
232 183 330 210 54—61
602 182 784 209 Mostellaria.
1194 184 1252 214 149

617 276 764 310 Tranio

137 331 168 363 Si
192 335 299 363 tamen
323 329 398 362 hinc
421 330 591 362 consilium
616 330 759 363 dedero?
793 331 900 363 Nimio
925 330 998 372 plus
1016 331 1109 371 sapio
1126 330 1253 362 sedens.

136 384 217 416 Tum
241 383 377 416 consilia
399 384 543 416 firmiora
567 388 642 416 sunt
666 385 705 416 de
729 385 851 417 diuinis
874 385 963 417 locis.
1188 393 1253 418 1085

544 454 854 497 Theopropides

136 509 251 549 Surge3
277 520 317 541 ne
340 519 472 550 nugare.
518 509 658 550 Adspice
682 509 757 541 dum
782 513 898 542 contra
922 521 981 542 me.

616 579 765 612 Tranio

973 624 1125 665 Adspexi.

541 677 846 718 Theopropides

1130 720 1253 753 Uides‘?

616 774 761 806 Tranio

134 829 253 861 Uideo:
278 829 340 861 huc
364 830 391 861 si
414 830 486 870 quis
509 829 692 861 intercedat
714 829 843 865 tertius,
868 832 982 869 pereat
1005 829 1098 861 fame.

542 899 844 942 Theopropides

134 942 196 981 Qui
219 943 318 976 dum'?

615 997 764 1029 Tranio
1118 1043 1121 1046 .

261 1051 345 1090 Quia
367 1052 447 1084 nihil
471 1053 600 1093 quaesti
625 1052 681 1091 sit3
705 1052 752 1084 ita
776 1051 852 1083 mali
877 1052 986 1083 hercle
1009 1052 1105 1084 ambo
1129 1063 1250 1084 sumus.

541 1120 846 1162 Theopropides

133 1164 228 1196 Perii.

621 1217 767 1250 Tranio

262 1260 347 1300 Quid
369 1261 430 1294 tibi
454 1261 525 1293 est‘?

541 1321 847 1362 Theopropides

522 1375 648 1407 Dedisti
670 1375 780 1407 uerba.

618 1448 640 1480 1
650 1457 668 1478 r
675 1457 693 1480 a
700 1448 766 1479 nio

862 1490 924 1528 Qui
950 1491 1104 1523 tandem?

550 1562 840 1602 Theopropides

1146 1615 1251 1648 Probe

134 1659 210 1691 Med
231 1661 383 1692 emunxti.

620 1719 769 1752 Tranio

372 1774 454 1806 Uide
479 1775 532 1813 sis,
557 1775 661 1806 satine
684 1778 788 1813 recte3
811 1785 886 1806 num
912 1774 1015 1805 mucci
1037 1772 1165 1805 fluunt?
1190 1782 1256 1808 1090

543 1845 850 1887 Theopropides

135 1900 237 1932 Immo
260 1902 359 1933 etiam
383 1901 552 1932 cerebrum
577 1911 706 1942 quoque
730 1911 824 1933 omne
848 1911 865 1932 e
885 1901 992 1941 capite
1010 1900 1152 1931 emunxti
1172 1910 1251 1931 meo.

207 2022 272 2047 1084
290 2021 368 2054 sapio
388 2020 410 2047 G'
496 2021 561 2047 1085
579 2020 657 2047 Tunc
677 2020 699 2047 0
787 2021 852 2046 1087
871 2019 1027 2046 intercedas
1115 2019 1181 2045 1088
1200 2027 1255 2052 qua

137 2065 203 2092 estis
222 2064 250 2090 id
269 2064 334 2090 mali
399 2065 464 2090 1089
481 2064 570 2090 uerba
588 2064 635 2097 qui
655 2063 769 2090 tandem
788 2063 869 2097 probi
932 2063 998 2088 1090
1017 2062 1060 2087 Me
1079 2063 1203 2087 emunxit

137 2134 159 2160 si
179 2133 200 2161 G
268 2133 341 2159 satin
360 2136 452 2159 erecte
523 2133 585 2158 1091
607 2141 717 2159 omnem
786 2131 894 2157 munxit
912 2130 949 2163 B,
969 2110 1028 2156 dixti
1047 2130 1070 2157 Ο

1570 1996 1582 2098 „³ae
1570 1954 1576 1988 ⁴⁴·
