1596 2478
138 190 190 223 ΙΙΙ,
210 191 233 223 2,
255 190 387 216 137—147
608 189 785 216 Mostellaria.
1193 193 1251 222 125

543 283 851 324 Theopropides

753 337 872 376 Quanti
896 337 993 370 hosce
1017 338 1165 370 emeras?

643 396 744 428 Simo

134 453 205 484 Tris
230 453 331 484 minas
356 463 413 493 pro
437 452 510 482 istis
534 450 660 483 duobus
685 455 817 492 praeter
841 455 1007 484 uecturam
1032 452 1116 483 de‘di.

541 521 848 563 Theopropides

135 578 250 609 Hercle
274 579 328 619 qui
348 577 483 609 multum
504 576 709 616 inprobiores
728 579 812 614 sunt,
837 588 934 617 quam
954 588 972 609 a
989 578 1094 618 primo
1113 577 1247 609 credidi.

641 647 742 679 Simo

134 703 362 744 Quapropter?

538 761 843 804 Theopropides

357 817 440 854 Quia
463 816 578 856 edepol
602 816 697 848 ambo
723 817 764 848 ab
788 817 911 848 insumo
935 820 1057 848 tarmes
1080 820 1178 848 secat.
1199 826 1250 851 810

132 872 385 913 Intempestiuos
409 871 535 902 excisos
560 870 673 910 credo;
697 870 729 902 id
754 871 800 903 eis
825 871 941 902 uitium
965 874 1070 902 nocet.

635 941 740 974 Simo

132 998 229 1038 Atqui
253 998 351 1029 etiam
375 1007 461 1028 nunc
485 998 565 1028 satis
589 996 664 1028 boni
689 1000 772 1034 sunt,
798 997 824 1027 si
848 1000 925 1028 sunt
947 996 1071 1027 inducti
1096 996 1183 1036 pice;

131 1052 203 1083 Non
227 1053 311 1083 enim
336 1051 416 1082 haec
441 1050 621 1092 pultifagus
644 1050 753 1091 opifex
777 1061 876 1091 opera
900 1050 978 1082 fecit
1003 1050 1168 1082 barbarus.

615 1121 759 1153 Tranio

129 1176 233 1208 Uiden
258 1179 450 1216 coagmenta
472 1177 504 1207 in
528 1175 678 1207 foribus}>

522 1235 841 1277 ,Theopropides

657 1290 769 1322 Uideo.

608 1349 756 1381 Tranio

712 1403 832 1445 Specta
855 1414 950 1444 quam
975 1408 1046 1436 arte
1070 1404 1243 1436 dormiunt.

534 1467 837 1507 Theopropides

127 1523 321 1554 Dormiunt‘?

608 1582 755 1613 Tranio

371 1636 457 1667 Illud
481 1636 620 1676 quidem,
636 1640 680 1682 *ut
703 1636 863 1672 coniuent,
889 1635 977 1666 uolui
1001 1634 1118 1666 dicere.
1194 1643 1245 1669 815

127 1690 218 1722 Satin
241 1690 364 1722 habes?

532 1750 837 1791 Theopropides

271 1804 312 1836 Ut
335 1804 494 1846 quidquid
519 1805 620 1846 magis
644 1804 856 1845 contemplor,
880 1807 974 1835 tanto
998 1803 1101 1843 magis
1125 1802 1240 1844 placet.

604 1876 756 1907 Tranio

128 1930 227 1962 Uiden
253 1931 375 1971 pictum
400 1930 454 1961 ubi
477 1930 625 1962 ludificat
649 1941 714 1961 una
737 1930 849 1961 cornix
873 1929 1034 1960 uolturios
1059 1928 1168 1960 duos?

191 2051 242 2076 808
261 2050 300 2076 Sl.
320 2058 370 2076 om.
423 2050 520 2075 diebus
577 2049 628 2074 810
646 2049 806 2076 tramisecat
863 2049 913 2073 812
934 2049 1025 2080 Atque
1078 2048 1127 2072 813
1146 2047 1239 2080 pultu—

125 2092 195 2125 sagis
214 2093 237 2118 A
301 2093 434 2118 barbaros
454 2092 476 2118 C'
534 2093 585 2118 814
604 2091 735 2117 dormuut
796 2092 846 2116 816
865 2091 888 2116 fl
908 2090 996 2116 satim
1015 2089 1042 2116 B
1102 2091 1151 2115 817
1171 2090 1240 2115 ludi-

125 2134 223 2162 ficatur
275 2135 372 2161 cornix
392 2144 445 2161 una
464 2134 515 2161 BC
565 2134 620 2160 duo
638 2134 689 2161 BC
