1596 2478
618 184 648 211 V.
667 185 811 210 403-426.
1217 185 1274 213 331

153 283 254 317 herus;
289 291 346 310 non
371 284 482 309 certum
507 281 654 309 hominem
684 281 859 319 alloquitur,
895 291 921 308 v.
946 280 984 309 nd
1007 279 1114 308 Pseud.
1144 277 1222 307 1054
1249 281 1278 306 et

152 333 230 362 iufra
254 332 324 361 870.
345 347 385 351 —
409 332 479 360 418.
504 330 575 360 seni
599 332 667 360 Pius
691 342 746 360 em.
793 329 901 360 chdos
923 327 1026 367 facere
1049 327 1145 359 alicui
1168 330 1278 366 legitur

153 385 240 412 etiem
265 383 329 412 Cas.
356 384 426 411 714.
468 383 559 411 Mero.
585 385 655 411 222.
693 383 766 411 Rud.
794 384 863 411 582.
900 382 986 410 Truc.
1014 382 1082 416 749,
1108 381 1179 408 alibi
1206 380 1276 413 ..nli-

152 434 268 473 quem“,
293 445 320 463 v.
340 435 376 462 ad
400 434 506 472 Amph.
530 435 604 469 5673
629 433 775 471 significat
798 436 894 462 autem
920 432 1075 461 ludificari.
1123 431 1276 460 Defunctis

151 496 221 515 vero
245 486 365 514 honoris
390 495 478 513 causa
502 485 563 513 ludi
587 485 724 513 funebres
748 485 948 518 habebantur,
984 493 1111 521 quorum
1142 482 1277 520 exempla

151 538 278 574 insignia
302 546 337 564 ex
361 537 445 564 anuis
471 538 546 571 216,
583 537 658 570 206,
695 537 770 569 200,
803 537 878 568 183,
918 536 975 563 174
1000 546 1026 563 a.
1051 534 1119 562 Chr.
1145 544 1162 561 n
1197 532 1277 570 apud

152 588 269 617 Livium
299 585 425 624 (XXIII,
458 588 505 616 30.
552 587 694 621 XXVIII,
726 589 775 616 21.
822 587 935 621 XXXI,
962 587 1010 614 50.
1056 584 1200 619 XXXIX,
1225 585 1275 613 46.

150 639 220 667 XLI
244 638 334 673 extr.)
360 643 636 673 commemorantur,
661 639 789 675 primum
814 642 922 673 autem,
947 638 971 665 si
997 637 1116 664 Valerio
1140 635 1219 664 Max.
1240 635 1275 669 II,

152 691 179 726 4,
207 692 223 718 7
247 689 321 718 fides
343 691 396 725 eit,
430 689 643 727 gladiatorium
668 699 772 718 munus
796 699 822 717 a.
849 689 908 717 264
934 688 973 716 M.
999 692 1028 715 et
1053 687 1088 715 D.
1114 687 1200 715 Bruti
1224 686 1274 714 de—

151 741 260 770 derunt
280 741 398 770 funebri
415 743 557 769 memoria
575 743 670 778 patris
689 742 801 769 cineres
822 739 1005 768 honorando.
1054 739 1114 767 Nec
1132 738 1276 767 nobilium

149 793 245 821 solum
269 793 292 821 is
317 793 410 821 honor
433 796 513 829 erat3
549 793 600 821 sed
623 794 672 821 vix
696 792 826 821 dubitari
851 794 964 829 potest,
995 792 1064 828 quin
1089 790 1176 826 vulgo
1200 789 1276 817 eius-

150 843 229 872 modi
253 844 331 879 ludi,
367 845 501 881 quamvis
531 845 626 872 minus
656 843 818 881 splendidi,
854 842 949 871 habiti
977 843 1035 870 sint
1065 842 1201 878 quotiens
1229 841 1277 868 vir

149 895 240 933 paulo
264 896 418 924 honestior
442 899 493 924 aut
517 896 688 933 opulentior
711 895 894 929 decesserat;
924 903 989 921 nam
1014 894 1099 930 quasi
1122 893 1275 928 vulgarem

149 955 260 974 morem
290 946 366 974 bunc
396 950 606 975 commemorat
635 946 758 974 Plautus
782 945 888 983 Amph.
913 946 992 981 455,
1029 949 1058 972 et
1093 944 1155 971 eius
1187 953 1276 971 eausa

149 1000 210 1025 tam
235 998 320 1025 multi
345 997 500 1026 alebantur
523 998 713 1034 gladiatores,
744 1000 774 1025 et
799 998 828 1025 in
852 997 1049 1024 monumentis
1073 998 1102 1022 et
1126 995 1207 1023 urnis
1231 1004 1274 1022 se-

148 1048 331 1085 pulcralibus
351 1049 550 1086 gladiatorum
570 1058 677 1087 pugnae
696 1049 873 1085 imaginibus
887 1047 1140 1084 exprimebantur.
1177 1046 1273 1073 Theo-

149 1100 268 1137 propidi
298 1110 382 1136 vero,
419 1101 502 1129 cuius
537 1111 650 1129 omnem
681 1110 742 1128 rem
773 1099 950 1127 familiarem
982 1098 1059 1125 filius
1091 1097 1272 1134 profuderat,

147 1151 226 1179 unde
260 1152 344 1180 ludos
379 1152 517 1180 funebres
551 1153 636 1180 heres
672 1152 789 1185 faceret,
826 1160 884 1178 non
920 1153 992 1177 erat.
1025 1164 1054 1168 —
1100 1146 1148 1177 hic
1176 1147 1273 1182 codd.5

151 1201 255 1237 „huic“
283 1203 316 1230 R.
342 1203 426 1230 Pium
450 1206 576 1232 secutus.
604 1217 640 1222 -—
667 1203 737 1231 419.
769 1199 859 1239 quod,
884 1204 918 1229 ut
942 1201 1004 1229 ludi
1029 1200 1169 1228 funebres
1192 1199 1274 1227 fiant.

150 1268 186 1272 -·
213 1255 283 1283 420.
312 1251 494 1288 Concedam,
519 1256 554 1283 cf.
570 1255 640 1282 674.
687 1253 924 1290 Theopropidem
950 1253 1157 1280 advenientem
1182 1253 1276 1279 anim-

148 1304 288 1334 advertit.
313 1320 355 1324 —
379 1306 450 1333 421.
474 1303 633 1334 sarcinam
656 1303 814 1341 inponam.
840 1314 866 1332 v.
891 1303 928 1331 ad
953 1304 1058 1331 Bacch.
1085 1303 1155 1331 346.

234 1358 304 1385 422.
341 1357 471 1385 Advenit
500 1356 724 1395 Theopropides
753 1366 843 1383 senex
877 1365 942 1383 cum
978 1356 1070 1383 servis
1104 1354 1276 1392 pedisequis

148 1405 188 1443 (v.
215 1409 275 1436 457
299 1406 357 1446 sq.)
393 1408 477 1436 laetus
507 1408 696 1444 navigatione
724 1407 823 1441 finita,
859 1416 924 1444 quae
954 1408 981 1434 ei
1012 1408 1098 1434 tauto
1128 1405 1217 1433 taedio
1247 1408 1277 1433 et

147 1461 245 1487 timori
270 1460 333 1494 fuit,
364 1462 397 1487 ut
426 1469 456 1487 se
480 1469 640 1496 numquam
664 1462 767 1496 postea
792 1467 894 1486 navem
918 1458 1121 1485 inscensurum
1145 1466 1207 1484 esse
1231 1456 1274 1484 af-

147 1510 254 1539 firmet.
300 1510 418 1539 Similes
442 1510 573 1548 Neptuni
598 1511 790 1538 allocutiones
820 1520 845 1537 v.
871 1508 962 1537 Stich.
988 1509 1059 1537 403.
1095 1508 1177 1536 Trin.
1203 1508 1273 1536 821.

147 1576 187 1580 -—
212 1562 283 1590 423.
312 1559 418 1598 Quom,
443 1572 469 1589 v.
492 1562 528 1590 ad
549 1563 655 1599 Amph.
672 1563 741 1590 636.
788 1561 830 1589 Ne
856 1561 955 1588 hiatus
978 1560 1018 1587 sit
1041 1561 1069 1587 iu
1094 1569 1214 1593 eaesura,
1239 1559 1274 1587 R.

150 1614 312 1647 „Quoniam
349 1614 474 1641 amisisti
508 1612 584 1647 me“,
630 1613 722 1650 Bugg.
758 1623 821 1640 cum
858 1612 982 1640 Guieto:
1027 1611 1141 1645 „Quom
1177 1608 1275 1638 med“.

148 1662 292 1699 amisisti,
318 1664 464 1699 dimisisti,
490 1675 517 1693 v.
543 1665 580 1692 ad
603 1666 684 1692 Asin.
705 1664 775 1692 604.
795 1678 836 1681 —
859 1664 930 1691 424.
962 1660 1076 1692 Uerum
1099 1662 1144 1690 ed.
1169 1672 1213 1699 pr.
1234 1676 1276 1681 -

140 1712 254 1752 pedem
277 1712 376 1744 latum
399 1717 583 1744 accusativus
603 1726 758 1743 mensurae
778 1718 832 1750 est,
855 1722 904 1742 me
922 1714 1084 1748 obiectum
1109 1714 1275 1741 subiectum

146 1768 302 1802 omittitur,
327 1767 363 1794 cf.
389 1767 460 1795 412.
482 1782 522 1786 —
541 1767 611 1794 425.
638 1763 720 1795 scies
744 1767 788 1794 ed.
814 1776 858 1803 pr.
882 1780 925 1784 —
947 1763 1116 1802 &mosis-se,
1142 1775 1168 1792 v.
1192 1764 1275 1792 Neue

147 1817 294 1847 Formenl.
319 1818 347 1846 II
376 1828 405 1855 p.
430 1819 502 1846 491.
538 1833 579 1838 —-
612 1814 700 1846 haud
726 1824 822 1845 causa
852 1815 914 1852 est,
950 1827 976 1845 v.
1010 1816 1046 1844 ad
1070 1817 1177 1853 Amph.
1204 1816 1274 1844 845.

147 1869 212 1898 Nou
231 1870 383 1905 causabor,
408 1871 512 1907 inquit,
533 1879 592 1906 quo
610 1870 706 1897 minus
726 1869 765 1903 id,
785 1868 864 1906 quod
882 1868 978 1896 fucere
997 1867 1127 1896 voluisse
1146 1867 1274 1902 videtur,

147 1924 180 1950 ut
203 1931 248 1949 me
270 1921 410 1949 fluetibus
434 1921 581 1955 obrueret,
607 1921 674 1948 ilico
697 1920 797 1948 faciat.
849 1919 891 1947 De
910 1920 1004 1947 forma
1031 1917 1126 1953 „hau“
1153 1919 1187 1946 cf.
1204 1919 1274 1947 386.

146 1974 224 2001 Ante
245 1973 300 2001 hoc
319 1982 345 2000 v.
365 1972 467 2000 hiatur
484 1973 513 2000 in
533 1982 652 2006 caesura,
683 1982 775 2009 quare
794 1971 942 1999 Scriverio
962 1970 1035 1998 duce
1056 1969 1166 1997 Ritsch.
1187 1974 1273 1999 cett.:

150 2024 226 2059 „hau
252 2027 377 2058 causast,
403 2022 501 2051 ilico·‘.
526 2038 567 2042 —
591 2024 663 2052 426.
689 2023 852 2051 Verborum
878 2022 951 2050 ordo
975 2031 1097 2059 prorsus
1120 2021 1274 2049 Plautinus

148 2078 203 2110 est,
227 2085 253 2102 v.
273 2075 310 2102 ad
328 2075 409 2103 Asin.
429 2075 489 2102 230
514 2078 544 2102 et
567 2075 604 2102 ad
628 2074 720 2103 Stich.
744 2074 811 2102 120.
839 2074 873 2101 cf.
894 2073 977 2111 Capt.
996 2073 1068 2101 485.
1104 2072 1182 2100 Men.
1203 2073 1272 2100 674.

147 2125 238 2154 Mero.
267 2126 316 2154 36.
349 2126 417 2154 733.
475 2125 561 2154 Truo.
596 2126 663 2154 148.
721 2124 788 2153 Ter.
813 2124 888 2152 Eun.
915 2124 974 2152 263
999 2133 1058 2161 sq.:
1109 2123 1158 2158 „Si
1193 2124 1274 2160 potis
