1596 2478
346 207 404 236 162
854 203 944 230 Plauti

341 298 455 340 Neque
478 298 560 331 adeo
584 301 688 330 mater
710 299 792 339 ipsa,
816 308 899 339 quae
922 297 995 330 illos
1018 301 1200 339 pepererat,

342 352 386 384 Ut
408 353 539 394 quidem
562 352 617 385 ille
640 352 722 384 dixit
746 352 833 390 mihi,
857 352 912 393 qui
937 362 1053 392 pueros
1077 351 1220 389 uiderat;

342 406 410 447 Ego
434 406 508 438 illos
531 417 596 438 non
620 407 698 443 uidi,
722 417 761 438 ne
785 406 857 447 quis
880 409 1026 438 uostrum
1049 410 1188 438 censeat.

340 460 518 501 Postquam
542 461 607 492 iam
631 461 724 501 pueri
748 464 944 501 septuennes
967 464 1051 498 sunt,
1075 464 1168 501 pater

340 514 499 546 Onerauit
521 515 630 546 uauim
656 524 803 555 magnam
827 514 938 546 multis
961 513 1133 546 mercibus.
1423 523 1456 549 25

340 567 472 608 Inponit
495 569 656 609 geminum
679 568 819 600 alterum
843 569 876 600 in
900 568 1010 600 nanim
1035 572 1137 609 pater,

338 621 514 654 Tarentum
538 623 650 654 auexit
671 633 780 655 secum
804 622 847 655 ad
870 626 1046 654 mercatum
1070 622 1182 661 simul;

338 676 433 708 Illum
456 676 591 718 reliquit
613 677 752 709 alterum
776 677 864 718 apud
888 680 1024 708 matrem
1049 676 1145 708 domi.

337 730 471 762 Tarenti
494 730 565 762 ludi
588 730 672 763 forte
696 735 802 770 erant,
825 741 924 772 quom
947 731 1025 762 illuc
1047 731 1156 769 uenit;

338 784 493 817 Mortales
518 785 611 816 multi
635 788 671 817 ut
695 785 735 817 ad
759 785 854 817 ludos
877 788 1113 823 conuenerant;
1421 794 1454 819 30

338 838 422 871 Puer
445 840 529 871 inter
552 839 700 871 homines
723 839 769 870 ibi
793 839 962 871 aberrauit
986 850 1006 871 a
1029 843 1132 880 patre.

338 893 600 933 Epidamniensis
624 893 756 934 quidam
781 893 826 926 ibi
850 898 1014 926 mercator
1037 894 1114 932 fuit3

338 947 369 979 Is
393 958 529 988 puerum
553 947 641 980 tollit
663 947 842 988 auehitque
866 948 1084 989 Epidamnum
1107 958 1184 980 eum.

335 1002 434 1033 Pater
458 1003 525 1034 eius
548 1006 668 1041 autem,
693 1006 868 1045 postquam
892 1010 1026 1044 puerum
1052 1002 1205 1044 perdidit,

335 1057 486 1088 Animum
510 1056 693 1097 despondit,
718 1066 820 1097 eaque
842 1057 870 1089 is
895 1056 1100 1098 aegritudine
1421 1065 1453 1090 35

335 1110 452 1143 Paucis
477 1110 591 1142 diebus
614 1113 688 1151 post
710 1109 843 1142 Tarenti
867 1114 1056 1143 emortuust.

334 1164 512 1205 Postquam
537 1163 715 1204 Syracusas
739 1164 778 1196 de
802 1175 841 1196 ea
864 1175 899 1196 re
922 1165 1010 1196 redit
1033 1165 1164 1196 nuntius

334 1219 383 1250 Ad
406 1229 503 1251 auom
527 1229 713 1260 puerorum,
737 1229 873 1259 puerum
897 1223 1086 1261 surruptum
1109 1218 1260 1255 alterum,

334 1273 529 1314 Patremque
555 1273 646 1313 pueri
670 1283 740 1305 esse
763 1272 898 1305 Tarenti
921 1277 1112 1311 emortuum,

333 1327 479 1359 Inmutat
501 1337 617 1358 nomen
641 1327 718 1359 huic
741 1337 820 1359 auos
844 1328 971 1368 gemino
995 1327 1099 1359 alteri.
1418 1335 1453 1360 40

332 1381 384 1413 Ita
407 1381 499 1413 illum
524 1381 647 1419 dilexit,
672 1382 728 1422 qui
752 1384 951 1422 surruptast,
975 1381 1129 1420 alterum;

333 1435 425 1467 Illius
449 1445 566 1467 nomen
590 1435 671 1466 indit
694 1435 752 1471 illi,
776 1436 831 1477 qui
856 1435 943 1467 domi
967 1439 1026 1471 est.

332 1473 553 1528 Menekechmo,
578 1489 663 1521 idem
687 1489 776 1530 quod
800 1489 895 1521 alteri
919 1500 1035 1521 nomen
1059 1489 1129 1521 fuit.

332 1543 374 1576 Et
397 1545 484 1585 ipsus
509 1544 622 1575 codem
646 1548 696 1575 est
718 1554 798 1576 auos
823 1547 960 1576 uocatus
983 1544 1122 1575 nomine.

331 1598 510 1639 Propterea
532 1598 618 1630 illius
641 1608 758 1630 nomen
782 1599 913 1630 memini
936 1597 1072 1637 facilius,
1416 1605 1450 1631 45

331 1651 415 1690 Quia
438 1651 528 1684 illum
553 1652 693 1684 clamore
716 1653 783 1684 uidi
806 1651 994 1693 flagitarier.

330 1705 378 1738 Ne
403 1716 475 1738 mox
499 1707 622 1745 erretis,
647 1707 711 1738 iam
736 1717 821 1738 nunc
845 1707 998 1747 praedico
1023 1707 1126 1747 prius:

331 1760 422 1792 Idem
445 1764 497 1792 est
520 1760 680 1792 ambobus
704 1772 820 1793 nomen
844 1761 980 1801 geminis
1005 1760 1171 1792 fratribus.

331 1814 422 1846 Nunc
445 1815 477 1846 in
502 1814 719 1855 Epidamnum
743 1814 881 1856 pedibus
905 1815 1106 1847 redeundum
1129 1818 1179 1846 est
1201 1813 1288 1852 mihi,

397 1901 427 1925 21
451 1905 566 1933 peperat
586 1898 608 1926 G
688 1900 722 1925 22
740 1899 806 1925 mihi
825 1899 895 1926 dixit
915 1899 938 1926 C
1019 1900 1052 1925 23
1069 1906 1118 1926 om.
1138 1899 1159 1925 C
1242 1900 1275 1925 25
1293 1906 1392 1925 nauem
1411 1898 1447 1931 Β,

330 1942 422 1968 uauim
435 1941 457 1968 G
498 1943 530 1968 26
549 1941 719 1986 gemitumqq
761 1950 858 1968 nauem
905 1943 939 1968 28
959 1942 1077 1975 reliquid
1089 1942 1111 1968 C
1153 1943 1186 1968 29
1205 1941 1278 1967 ludei
1290 1941 1324 1974 B,
1342 1941 1416 1968 iudei
1429 1941 1451 1968 0

329 1986 359 2011 31
381 1984 419 2010 ibi
439 1992 487 2011 om.
556 1985 589 2011 32
607 1984 726 2018 quadam
746 1984 768 2011 G
833 1986 864 2011 33
885 1985 1081 2019 Epidamnium
1149 1985 1181 2010 34
1200 1984 1308 2017 pedidit
1327 1983 1354 2010 Β
1414 1985 1447 2010 35

329 2026 455 2060 disponit
474 2026 500 2053 Β
567 2036 599 2053 eu
618 2027 679 2061 quis
745 2028 778 2053 36
796 2030 950 2053 emostuust
969 2028 990 2053 G
1055 2028 1088 2053 37
1107 2027 1309 2053 denearerediit
1329 2027 1351 2054 O
1415 2028 1447 2053 39

329 2069 442 2095 Tarenti
463 2078 522 2096 esse
574 2071 608 2096 40
626 2069 752 2096 Immitat
769 2069 796 2096 B
849 2079 916 2096 auos
936 2070 1000 2096 huic
1052 2070 1086 2095 48
1104 2069 1185 2096 Mena
1204 2070 1254 2095 hec
1273 2069 1392 2095 moidem
1413 2069 1446 2101 B,

328 2111 410 2138 Mane
429 2112 479 2139 hec
498 2112 618 2138 moidem
639 2111 662 2140 C
741 2114 775 2139 44
793 2112 862 2139 code
881 2112 903 2138 0
985 2114 1018 2138 45
1037 2112 1169 2139 Protei-ea
1189 2111 1212 2139 C
1291 2113 1325 2138 48
1343 2111 1445 2138 ratibus

327 2155 380 2181 sibi
399 2155 470 2181 uelit
489 2154 512 2181 C
