1596 2478
140 192 190 223 ΠΙ,
211 191 323 224 18-1v,
344 194 364 220 l,
383 193 399 217 8
634 191 798 218 Cistellaria.
1199 194 1257 223 113

141 286 200 316 Ubi
225 287 314 321 estis,
338 286 449 317 serui?
495 285 663 317 Occludite
688 286 778 317 aedis
803 286 950 327 pessulis,
976 286 1152 326 repagulis,

139 338 212 370 Ilico
234 339 290 371 nbi
314 340 399 371 hauc
423 350 482 379 ego
505 339 647 371 tetulero
671 340 758 370 intra
781 339 886 371 limen.

599 416 798 448 Melaenis

928 471 1032 509 Abiit;
1056 470 1195 502 abstulit

140 524 316 556 Mulierem.
363 525 431 558 Ibo.
457 536 636 565 persequar
660 525 722 556 iam
747 525 838 556 illum
864 526 959 559 iutro,
983 529 1020 556 ut
1042 525 1122 556 haec
1146 536 1184 556 ex
1208 536 1258 556 me

852 580 935 610 sciat

140 632 270 669 Eadem,
295 634 321 663 si
347 644 478 674 possum
502 633 715 673 tranquillum
739 632 847 664 facere
871 644 909 664 ex
934 634 1018 664 irato
1042 633 1129 664 mihi.
1208 642 1258 666 485

400 909 629 940 LAMPADIO.
676 908 996 941 PHANOSTRATA.

590 1006 807 1047 Lampadio

138 1059 269 1091 Nullam
294 1070 354 1100 ego
379 1071 427 1091 me
451 1060 574 1092 uidisse
599 1060 696 1092 credo
720 1061 822 1100 magis
846 1071 943 1092 anum
968 1061 1229 1099 excruciabilem,

138 1114 240 1151 Quam
265 1114 358 1145 illaec
382 1118 446 1145 est:
476 1125 559 1155 quae
583 1115 705 1146 dudum
728 1115 816 1147 fassa
840 1118 888 1146 est
915 1115 1008 1153 mihi,
1038 1126 1164 1156 quaene
1187 1116 1258 1147 infi-

851 1170 915 1200 tias
939 1169 1015 1201 eat?

139 1222 202 1254 Sed
226 1233 335 1254 eccam
359 1233 448 1254 eram
472 1223 579 1255 uideo.
627 1223 688 1254 Sed
721 1223 798 1264 quid
823 1223 884 1255 hoc
907 1227 966 1262 est,
998 1224 1079 1255 haec
1104 1224 1191 1265 quod
1215 1226 1258 1256 ci-

853 1278 949 1309 stella
972 1278 1025 1309 hic
1048 1279 1135 1310 iacet

138 1330 218 1362 Cum
243 1331 440 1372 crepundiis„
466 1343 525 1363 uec
549 1342 744 1373 quemquam
769 1333 941 1373 conspicor
965 1332 1064 1364 alium
1089 1334 1120 1364 in
1145 1334 1221 1365 uia?

139 1385 336 1416 Faciundum
363 1389 412 1417 est
437 1385 561 1427 puerile
587 1385 743 1425 officium3
767 1388 1010 1426 conquiniscam
1034 1387 1075 1419 ad
1097 1388 1257 1420 cistulam.

558 1463 582 1494 P
590 1463 610 1494 h
620 1474 640 1495 a
648 1475 667 1494 n
678 1475 696 1495 o
705 1474 720 1495 s
729 1466 764 1495 tr
771 1474 791 1495 a
798 1467 811 1495 t
819 1474 838 1495 a

138 1515 223 1553 Quid
247 1517 327 1557 agis,
354 1517 534 1558 Lampadio
543 1518 558 1548 ἱ)

584 1595 804 1636 Lampadio

272 1648 359 1679 Haec
383 1649 511 1680 cistella
535 1660 688 1681 numnam
712 1650 787 1682 hinc
811 1650 852 1682 ab
874 1643 971 1683 uobis
995 1651 1091 1683 domo
1115 1653 1187 1684 est?
1206 1662 1253 1687 491

136 1701 217 1732 Nam
242 1702 316 1733 hinc
340 1703 380 1734 ab
405 1704 489 1735 ostio
513 1704 675 1735 iacentem
699 1704 825 1736 sustuli.

556 1763 834 1796 Phanostrata

872 1819 957 1857 Quid
981 1821 1112 1852 nuntias

137 1870 241 1910 Super
264 1871 350 1902 anu?

219 2000 269 2024 483
288 1999 338 2024 Ibo
359 2000 420 2032 BE,
441 2000 483 2026 Ibi
502 2001 521 2027 I
576 2001 699 2027 lumenI
747 2003 797 2027 485
817 2002 864 2028 sed
918 2002 1177 2031 LAMPADISGUS
1192 2003 1254 2032 BE.

134 2042 320 2082 Lampadi&
339 2051 357 2076 Ι
426 2051 492 2077 Tum
511 2052 626 2078 additur
645 2052 785 2079 SERUUS
806 2057 831 2080 et
849 2053 994 2080 MULIER
1059 2056 1110 2080 487
1128 2055 1176 2080 illa
1194 2056 1254 2081 haeo

135 2101 195 2125 quae
214 2093 261 2119 ΙΕ
333 2095 382 2119 488
402 2094 524 2121 haeccam
545 2095 572 2121 E
655 2097 706 2122 490
725 2104 794 2129 puer
811 2096 850 2122 illi
871 2097 894 2130 I,
914 2106 982 2130 puer
1001 2097 1029 2122 ill
1048 2097 1078 2123 E
1156 2107 1252 2131 quom-

135 2143 187 2168 que
206 2136 260 2161 mei
279 2137 365 2163 seiam
436 2138 486 2163 492
505 2138 596 2164 hostio
616 2138 662 2164 IE

1033 2195 1050 2220 8
