1561 2473
656 190 687 218 V.
705 192 850 218 741-785.
1246 196 1308 226 429

191 301 227 306 —
266 287 335 315 763.
360 284 489 323 tristem,
515 288 549 316 cf.
577 289 645 316 798.
698 288 760 317 Vox
784 291 835 317 aut
863 289 1084 327 transponenda
1114 289 1244 326 videtur,
1275 295 1309 320 ut

190 339 323 377 plerique
346 338 412 367 edd.
437 340 579 373 fecerunt,
604 343 654 367 aut
678 340 811 368 delenda.

276 391 347 418 764.
383 389 566 427 colloquium
596 392 771 427 septenariis
795 392 936 429 scriptum
961 396 1014 420 est.
1060 389 1227 421 adum-sum
1251 393 1306 430 Py-

190 441 272 470 lades
294 451 348 470 em.
386 456 421 460 ——
459 443 528 470 765.
565 438 707 476 Salltene,
733 443 750 470 i.
775 452 799 470 e.
825 443 915 471 saluis
939 443 1041 477 rebus,
1077 444 1112 472 cf.
1137 443 1227 473 Stich.
1256 446 1306 473 14:

193 492 338 526 „Saluene
363 492 509 521 amabo?“
547 493 626 522 Trin.
650 495 743 522 1177:
772 493 892 529 „Satine
914 493 1036 523 salue?“
1063 496 1132 523 item
1151 495 1216 524 Ter.
1231 495 1306 524 Eun.

190 545 260 573 978.
306 544 372 572 Liv.
397 544 418 579 l,
445 546 493 579 58,
518 546 545 572 7.
587 544 636 577 VI,
663 545 710 579 34,
736 546 763 574 8.
806 545 843 582 X,
870 547 917 582 18,
944 547 989 574 ll.
1035 545 1204 575 Gronovius
1227 551 1256 576 et
1278 549 1308 576 in

188 595 234 624 his
257 596 328 624 locis
354 594 480 630 ‚‚salvae“
507 596 670 631 scribebat,
699 596 782 634 quasi
811 596 907 624 audiri
931 601 1032 634 posset
1059 596 1152 633 .,res“,
1183 602 1213 626 et
1236 599 1264 627 h.
1288 599 1307 627 l.

193 647 355 682 „Saluaene
384 647 534 676 aduenio?
575 646 738 683 Saluane“;
773 648 876 676 saltem
910 648 963 683 „ad
994 648 1124 677 saluam“
1152 649 1308 679 dicendum

189 702 261 727 erat.
286 714 326 718 —
352 700 421 728 766.
446 696 574 733 destitit,
598 709 625 727 v.
651 699 687 727 ad
712 698 801 727 Most.
828 700 903 733 7723
928 699 1086 735 siguificat:
1112 702 1215 738 procul
1239 705 1307 738 stat,

189 751 224 779 cf.
250 752 319 780 798.
348 766 383 770 -
411 751 480 779 767.
505 747 629 779 uelilatt'
652 747 728 779 estis
751 760 814 778 cum
839 750 920 778 hiatu
942 752 970 778 in
991 751 1115 780 diaeresi.
1152 753 1231 781 Fest.
1251 753 1308 791 Ep.

189 812 217 840 p.
233 803 309 831 369:
337 802 497 838 „volitatio
519 802 598 830 dicta
617 805 662 830 est
685 802 762 830 ultro
787 803 922 838 citroque
942 803 1116 840 probrorum
1140 804 1307 841 obiectatio,

189 854 226 882 ab
249 854 383 891 exemplo
407 854 539 882 velitaris
563 851 700 891 puguae“.
727 853 762 880 cf.
787 857 886 881 annot.
912 853 947 881 ad
972 854 1053 882 Asin.
1081 855 1150 883 305.
1196 855 1309 884 Nonius

189 915 216 943 p.
233 906 261 940 3,
284 906 334 942 qui
358 906 387 933 in
411 905 439 934 h.
459 906 476 933 l.
496 904 646 933 afferendo
670 901 730 933 (luo
753 904 864 932 scribit.
889 919 929 923 —
954 906 1024 934 768.
1051 904 1117 934 uter
1139 904 1308 942 meruistis,

188 959 256 985 uter
278 959 411 986 uestrum
438 958 561 992 meruit,
597 967 624 985 v.
649 957 686 985 ad
709 956 815 994 Amph.
844 957 932 985 1087.
968 972 1009 977 —-
1038 955 1153 994 paucis
1176 959 1221 987 ed.
1246 969 1307 997 pr.;

190 1007 267 1036 idem
291 1004 383 1045 loyos,
408 1009 444 1036 cf.
466 1008 572 1037 Pseud.
593 1009 662 1036 257.
699 1007 779 1036 Pers.
795 1008 864 1036 393.
900 1008 990 1036 Stich.
1006 1010 1075 1037 225.
1111 1009 1175 1039 Ter.
1190 1010 1307 1039 Phorm.

190 1061 260 1089 493.
275 1076 315 1080 —
335 1061 404 1089 769.
429 1057 484 1088 hoc
509 1058 534 1087 te
558 1056 694 1094 absoluo,
718 1059 763 1087 his
788 1059 873 1087 dictis
897 1063 926 1087 te
945 1060 1072 1095 dimitto,
1097 1061 1152 1089 hoc
1170 1071 1309 1099 responso

189 1122 249 1140 rem
273 1113 414 1148 transigo,
444 1122 470 1140 v.
496 1112 533 1140 ad
556 1111 623 1139 Aul.
650 1112 719 1140 509.
757 1126 792 1130 —-
831 1110 900 1139 770.
935 1108 1061 1146 durare,
1092 1123 1117 1140 v.
1141 1112 1178 1140 ad
1201 1113 1307 1151 Amph.

190 1164 260 1192 875.
284 1177 327 1182 —-
351 1164 420 1192 773.
445 1170 498 1199 eqo
521 1162 554 1190 R.
580 1161 664 1197 add.;
697 1161 790 1191 Cam.:
820 1162 915 1197 „edixi
939 1162 1088 1191 tandem⁴⁴.
1114 1178 1153 1183 —-
1179 1165 1247 1192 774.
1272 1172 1310 1193 ne

186 1213 256 1244 uter
279 1212 376 1250 iretis,
401 1215 436 1243 cf.
463 1215 532 1243 768.
558 1229 598 1233 -
623 1215 692 1242 775.
718 1220 770 1250 eyo
793 1215 902 1242 retinet
926 1214 1060 1242 Mueller.
1087 1214 1166 1243 Pros.
1187 1225 1216 1252 p.
1240 1216 1308 1244 129.

187 1281 228 1286 —-
254 1267 324 1295 776.
349 1262 428 1295 M'si
449 1273 511 1294 non
533 1263 594 1301 uis,
618 1266 635 1293 i.
661 1275 685 1294 e.
711 1266 765 1293 nisi
790 1265 1003 1295 incommodum
1029 1269 1082 1294 est.
1129 1267 1196 1295 Haec
1219 1267 1310 1296 verba

187 1318 332 1347 Gruterus
356 1320 436 1346 recte
461 1321 600 1346 matrouae
625 1317 714 1352 dedit,
739 1327 828 1354 quum
854 1318 882 1345 iu
907 1318 990 1347 codd.
1015 1328 1208 1355 personarum
1233 1321 1309 1347 notae

187 1371 301 1399 omissae
325 1373 438 1405 essent3
473 1380 526 1397 nec
555 1372 600 1397 est
630 1368 710 1405 quod
741 1379 805 1396 cum
831 1369 864 1397 R.
889 1373 917 1397 et
942 1370 988 1397 Br.
1014 1379 1130 1398 versum
1155 1373 1224 1397 aute
1249 1370 1309 1398 haec

188 1423 331 1451 excidisse
354 1425 502 1459 putemus.
527 1436 567 1439 —
589 1418 773 1454 monstram,
798 1422 926 1458 praecepi
950 1432 976 1449 v.
1003 1421 1038 1449 ad
1063 1420 1146 1449 Cure.
1176 1422 1242 1449 199.
1267 1436 1308 1439 —

189 1475 258 1502 777.
297 1471 419 1508 „Quod“
446 1472 519 1506 Wr.,
554 1482 612 1500 nou
637 1482 720 1509 opus.
751 1487 791 1490 —
824 1473 895 1500 778.
932 1469 1013 1500 Sane
1035 1469 1128 1508 sapit.
1175 1472 1207 1500 R.
1233 1473 1308 1500 male

188 1525 394 1563 exspectabat:
422 1524 505 1559 „Hau
530 1534 598 1552 sane
622 1522 730 1561 sapit“.
749 1539 789 1542 -—
811 1525 878 1552 779.
904 1520 1103 1551 industriam.
1128 1525 1248 1552 01:125.
1267 1539 1308 1543 —

189 1578 259 1605 780.
284 1577 317 1606 R.
342 1587 406 1604 eum
431 1576 541 1612 Pylade
568 1573 706 1610 „Tuau“;
729 1577 778 1602 vix
802 1585 942 1613 opus.-—
963 1576 1031 1603 781.
1058 1572 1096 1603 Si
1119 1585 1172 1613 pro
1199 1573 1305 1610 „Siue“

187 1628 274 1657 Both.
299 1631 328 1656 et
357 1637 444 1655 versu
473 1627 594 1655 iubente
618 1630 647 1655 et
670 1627 885 1655 consuetudine
910 1626 1022 1657 Plauti.
1058 1636 1083 1654 ν.
1109 1626 1144 1653 ad
1169 1626 1253 1654 Cure.
1279 1627 1307 1654 4.

188 1695 226 1698 -
253 1680 323 1708 782.
354 1676 421 1709 Una
447 1685 554 1715 opera,
585 1688 667 1716 aeque
690 1679 784 1712 facile,
809 1678 911 1706 eodem
936 1679 1013 1712 iure,
1038 1688 1064 1706 v.
1090 1678 1127 1705 ad
1151 1678 1232 1706 Asin.
1257 1678 1307 1706 98.

190 1747 225 1750 —
263 1729 304 1759 ad
325 1738 431 1760 cenam
453 1738 492 1759 ¹ne
513 1728 681 1767 promittat,
717 1740 742 1757 v.
768 1729 805 1757 ad
828 1729 916 1758 Most.
937 1730 1006 1757 986.
1048 1744 1080 1747 —
1119 1730 1188 1757 783.
1224 1726 1310 1766 apud

186 1790 220 1811 se
253 1783 336 1811 Acid.
372 1793 426 1811 em.
468 1797 508 1801 —-
550 1780 691 1810 seruiren
725 1781 808 1816 edd.;
859 1780 1021 1815 „semin-iu*
1064 1780 1165 1808 eadem
1209 1781 1238 1808 vi
1273 1780 1307 1809 R.

188 1835 296 1873 Opusc.
320 1834 348 1862 11
371 1845 400 1872 p.
426 1835 503 1869 560;
528 1838 674 1872 repugnat
697 1833 831 1866 Corssen,
855 1832 1041 1870 Aussprache
1066 1832 1093 1859 d.
1114 1831 1146 1859 L.
1161 1831 1174 1859 I
1191 1841 1220 1869 p.
1237 1832 1306 1860 323.

188 1901 228 1905 -
259 1887 328 1914 784.
359 1886 430 1914 Post
453 1892 515 1913 una
539 1885 637 1913 hiatus
661 1886 690 1912 in
715 1884 848 1918 diaeresi3
885 1883 1020 1920 Pylades,
1052 1883 1097 1916 R..
1130 1886 1197 1911 cett.
1225 1882 1304 1918 ,‚illi“

188 1937 309 1966 addunt.
356 1937 460 1973 Wagn.
479 1936 557 1971 ‚,te“.
573 1943 769 1972 —pensmm
794 1935 871 1973 quod
895 1938 971 1963 neat.
987 1949 1027 1953 —
1044 1931 1197 1970 postules,
1220 1944 1246 1963 v.
1271 1935 1308 1962 ad

187 1989 293 2026 Amph.
310 1990 379 2017 357.
400 2003 440 2007 —
465 1989 534 2016 785.
558 1995 663 2016 carere
687 1987 779 2015 Varro
798 1986 831 2014 L.
851 1986 883 2014 L.
906 1985 969 2020 VII,
997 1987 1045 2020 54,
1070 1987 1120 2022 qui
1144 1985 1198 2014 hoc
1222 1995 1308 2013 versu

188 2040 279 2068 allato
304 2039 400 2068 addit:
429 2039 526 2075 „Idem
552 2042 596 2067 est
620 2039 675 2067 hoc
699 2038 819 2067 verbum
840 2039 868 2066 iu
888 2038 1050 2065 Cosmetria
1062 2037 1166 2065 Naevii.
1201 2036 1308 2065 Carere

189 2102 206 2119 a
229 2092 373 2126 carendo,
409 2090 489 2128 quod
518 2090 614 2118 lanam
643 2093 706 2118 tum
734 2092 864 2127 purgant
893 2098 926 2117 ac
951 2089 1117 2125 deducunt,
1152 2091 1185 2116 ut
1209 2090 1308 2116 careat

190 2144 342 2180 spurcitia,
368 2152 403 2170 ex
426 2152 484 2180 quo
508 2142 665 2170 carminari
684 2141 792 2169 dicitur
808 2143 872 2168 tum
889 2140 965 2175 1aun,
990 2150 1078 2177 quum
1098 2150 1132 2167 ex
1150 2149 1184 2167 ea
1203 2140 1308 2167 carnut
