1596 2478
157 187 203 220 111,
225 189 247 218 l,
268 187 356 218 17—2,
375 186 406 211 16
624 184 805 210 Menaechmi.
1217 185 1269 214 191

158 281 228 319 1bo;
252 280 429 312 etiamnum
454 278 665 318 reliquiarum
691 289 766 318 spes
790 279 933 310 animum
958 276 1102 308 oblectat
1124 287 1239 307 meum.

158 334 219 366 Sed
243 333 319 374 quid
344 343 403 372 ego
426 332 546 363 uideo?
593 332 823 363 Menaechmus
846 341 915 362 cum
940 340 1061 363 corona
1084 331 1150 361 exit
1174 331 1270 361 foras.

157 388 324 420 Sublatuin
349 391 398 418 est
429 387 633 424 conuiuiun13
665 386 782 426 edepol
806 386 901 417 uenio
925 385 1099 416 aduorsuin
1123 385 1270 424 temperi.

157 441 359 476 obseruabo.
373 441 450 481 quid
470 443 556 480 agat.
571 440 749 478 hominein;
774 444 849 479 post,
867 439 964 471 adibo
983 444 1081 480 atque
1101 438 1271 478 adloquar.

363 627 659 660 MENAECHMUS
683 625 763 666 (11).
822 625 1067 658 PENICULUS.

566 712 853 744 Menaechmus

155 769 268 800 Potine
292 772 327 800 ut
350 769 509 809 quiescas,
534 769 560 798 si
584 778 643 807 ego
667 767 727 798 tibi
750 767 834 797 hanc
857 766 953 797 hodie
978 766 1077 805 probe
1224 776 1274 800 455

155 823 339 864 Lepideque
364 823 590 853 concinnatam
613 822 751 852 referam
776 821 934 860 temperi?

155 877 224 908 Non
249 878 323 908 faxo
347 887 418 907 eain
443 886 512 907 esse
537 875 640 913 dices;
664 876 711 906 ita
734 875 949 914 ignorabitur.

604 929 827 961 Peniculus

155 985 279 1016 Pallam
303 985 344 1016 ad
370 985 580 1025 phrygionem
606 984 667 1014 fert
692 984 840 1014 confecto
865 983 1003 1023 prandio

155 1040 300 1079 Uinoque
325 1042 452 1079 expoto,
478 1039 623 1078 parasito
648 1037 778 1068 excluso
802 1038 898 1068 foras.

153 1094 224 1124 Non
248 1093 357 1124 hercle
383 1094 408 1123 is
433 1103 514 1126 sum,
539 1093 594 1132 qui
620 1103 700 1130 suin,
725 1093 755 1122 ni
781 1091 864 1122 hauc
887 1092 1039 1122 iniuriam
1222 1100 1273 1124 460

154 1148 267 1188 Meque
292 1147 378 1178 ultus
403 1146 515 1186 pulcre
539 1146 639 1177 fuero.
687 1146 844 1180 Obserua,
869 1145 946 1185 quid
971 1145 1063 1175 dabo.

568 1199 852 1231 Menaechmus

154 1256 215 1287 Pro
239 1256 271 1286 di
295 1255 502 1289 immortales.
527 1255 602 1296 quoi
627 1254 750 1285 homini
774 1264 928 1293 umquam
952 1264 1015 1284 uno
1039 1253 1090 1284 die

154 1310 233 1341 Boni
258 1310 394 1340 dedistis
419 1310 498 1349 plus,
522 1309 577 1350 qui
602 1309 707 1339 minus
731 1307 934 1348 sperauerit?

155 1364 282 1401 Prandi,
307 1364 426 1404 potani,
451 1367 594 1394 scortum
617 1362 770 1398 adcubui,
795 1361 917 1392 abstuli

152 1418 252 1456 Hanc,
277 1418 392 1458 quoius
415 1418 509 1448 heres
532 1427 708 1457 numquam
734 1417 796 1447 erit
821 1419 896 1456 post
918 1415 1004 1446 hunc
1029 1415 1122 1446 diem.
1222 1424 1273 1448 465

604 1471 824 1502 Peniculus

152 1526 296 1566 Nequeo,
320 1536 403 1566 quae
426 1526 582 1566 loquitur,
605 1525 768 1556 exaudire.
815 1523 1007 1555 Clanculum

155 1580 254 1612 Satur
277 1590 362 1612 nunc
385 1580 531 1621 loquitur
555 1579 594 1610 de
620 1590 669 1610 me
693 1583 726 1610 et
749 1579 788 1610 de
812 1579 899 1619 parti
923 1588 1003 1610 mea.

571 1633 851 1664 Menaechmus

154 1689 207 1720 Ait
230 1688 312 1719 hanc
337 1688 462 1719 dedisse
486 1698 535 1718 me
559 1687 622 1719 sibi
645 1691 745 1728 atque
769 1697 840 1718 eam
865 1698 956 1718 meae

154 1742 253 1774 Uxori
277 1743 494 1783 surrupuisse.
541 1741 702 1780 Quoniam
726 1742 831 1773 sentio

153 1796 280 1834 Errare,
305 1796 478 1837 extemplo,
503 1796 595 1836 quasi
619 1807 672 1827 res
696 1806 769 1827 cum
794 1806 833 1828 ea
856 1798 943 1827 esset
966 1795 1053 1834 mihi,
1221 1803 1273 1828 470

219 1916 266 1942 451
288 1916 412 1942 obiectat
429 1924 473 1940 me
492 1914 542 1941 BG
677 1916 727 1941 452
747 1914 938 1941 menechmum
959 1914 1082 1940 chorona
1221 1914 1271 1939 453

153 1959 281 1984 connium
301 1958 323 1984 Ο
431 1959 481 1983 454
500 1966 549 1983 om.
570 1957 621 1984 BG
729 1957 921 1983 MENECHM'
941 1956 1046 1982 ADOL.
1067 1955 1271 1982 PENICVLVS

153 2000 317 2027 PARASIT’
337 2000 364 2026 B
437 2001 487 2026 455
505 2001 553 2026 sed
573 2001 635 2026 dico
655 2000 688 2031 B,
707 2000 791 2026 sedeo
813 1999 835 2026 C
907 2001 957 2025 456
976 1999 1110 2025 referram
1132 1999 1154 2025 Ο
1221 2001 1270 2024 457

153 2052 214 2069 eum
235 2044 256 2069 C
331 2045 382 2069 458
401 2043 588 2076 phyyglonem
671 2044 718 2069 461
740 2043 834 2068 uultus
854 2043 875 2068 G
955 2043 1005 2068 462
1023 2042 1145 2075 sequitur
1162 2050 1185 2068 v.
1205 2043 1269 2073 454;

153 2090 208 2112 tum
226 2087 285 2118 464,
304 2086 401 2112 deinde
418 2087 468 2112 463
487 2086 537 2112 BC
595 2087 645 2112 463
663 2086 764 2112 dedisti
786 2086 807 2111 (Ι
867 2086 917 2111 465
936 2085 1006 2110 hanc
1025 2085 1051 2110 A
1104 2086 1154 2110 467
1173 2093 1223 2111 om.
1245 2085 1271 2110 A

220 2132 299 2162 parte
318 2127 345 2154 B
