1596 2478
296 186 354 214 159
796 182 896 209 Casina

292 289 318 316 p.
345 282 394 307 80.
419 294 459 298 —
490 281 560 307 693.
591 278 681 315 polm
711 277 820 311 abeas,
856 279 892 307 cs.
914 279 951 306 nd
976 279 1055 307 Pers.
1081 280 1150 307 296.
1187 293 1226 298 —
1261 280 1332 307 694.
1368 279 1413 307 es!

291 325 381 357 homo
409 330 444 358 A.
496 330 566 358 Post
595 330 655 358 haec
683 330 851 367 Geppertus
881 331 908 358 in
941 331 964 357 A
995 330 1128 358 lacunam
1157 330 1214 357 sibi
1242 331 1412 367 perspicere

291 381 369 408 visus
403 384 463 413 est.
498 381 547 409 vix
569 383 658 409 recte.
688 395 728 400 —
759 382 830 409 695.
853 388 963 409 semo-e
986 380 1081 418 Gepp.
1111 395 1152 399 —
1181 378 1292 418 Atque,
1324 390 1349 408 v.
1375 380 1412 408 ad

291 431 370 459 Pers.
397 432 467 459 826.
495 446 531 450 —
557 432 628 459 696.
661 428 828 465 Elementa
864 442 922 470 qua
945 432 1118 460 condicione
1153 432 1206 459 lioc
1241 432 1310 460 mihi
1340 441 1410 469 pro·

292 483 416 516 miseris,
439 491 466 510 v.
491 483 563 510 453.
597 497 637 501 —
673 484 743 511 697.
780 483 808 511 te
831 483 897 511 add.
923 483 1007 511 Both.
1044 498 1084 501 —
1120 483 1190 511 698.
1229 478 1411 519 Olympi-ece.

291 533 393 561 Graecn.
417 533 591 561 deminutivi
616 533 709 561 forma
731 537 828 562 exstat
851 535 880 562 in
904 534 933 562 B.
981 533 1155 561 Blandiendi
1180 543 1267 561 causa
1290 533 1412 570 ponitur

291 587 323 611 ut
347 583 557 621 Lampadiscus
581 584 650 612 Uist.
677 585 747 618 369,
771 584 944 613 Veraniolus
967 584 1064 613 Catul.
1093 585 1138 618 12,
1168 585 1213 618 17,
1238 585 1289 621 qui
1319 594 1347 612 v.
1374 586 1411 612 10

291 637 336 662 est
369 634 527 668 Veranius,
561 634 711 670 Ἰσμήνιχος
741 635 892 673 Aristoph.
926 635 998 663 Ach.
1024 636 1100 667 954.
1138 636 1188 672 qui
1217 645 1243 662 v.
1275 635 1333 663 861
1368 638 1412 662 est

289 685 438 722 Ἰσμηνίας,
476 686 626 721 Ἀμύντιχος
654 685 776 714 Theocr.
804 687 830 721 7,
860 687 927 716 132.
958 686 1006 723 qui
1031 696 1058 714 v.
1083 687 1100 714 2
1133 690 1178 714 est
1201 687 1335 721 Ἀμύντας.
1371 700 1412 705 --

292 738 362 766 699.
386 735 479 772 opust
500 743 591 764 seruo
613 737 647 767 A.
673 751 713 756 —
744 738 814 765 700.
844 734 936 765 modo
958 734 1004 771 si,
1039 737 1074 766 cf.
1101 738 1170 765 701.
1212 736 1293 765 Trin.
1321 737 1410 765 1187.

291 788 375 825 Cupt.
395 789 452 816 991
480 797 544 815 cuin
563 797 628 815 ann.
651 802 691 806 -—
710 789 781 816 701.
802 794 934 823 propere
957 797 1021 816 cum
1047 787 1291 816 antecedentibus
1314 788 1411 818 iunxi:

291 848 424 876 personae
448 842 518 866 nota
540 848 557 866 a
579 838 665 867 codd.
679 838 771 866 abest.
819 838 927 866 Hiatur
951 841 981 867 et
1003 842 1070 876 post
1093 836 1153 866 cito
1177 842 1207 866 et
1229 842 1298 875 post
1319 837 1410 867 intro.

291 889 341 927 Sp.
379 888 573 927 „properate“
611 889 731 926 scripsit
764 899 800 917 ex
828 890 862 917 A.
897 904 939 909 —-
978 889 1066 917 Initia
1098 893 1241 927 quattuor
1274 899 1410 917 versuum

293 941 460 969 701—704
485 940 511 968 A
534 940 678 974 servavit;
713 941 742 968 in
766 940 790 968 B
814 940 924 968 lacunae
947 940 1123 969 indicantur.
1148 955 1189 959 —
1219 941 1288 969 702.
1313 940 1410 976 Olym—

291 993 386 1030 piouis
409 994 454 1019 est
477 990 617 1018 mandatu
640 1000 694 1018 sua
717 992 925 1020 coutinuautis.
972 999 1039 1020 eam
1061 1001 1162 1020 versus
1185 1001 1273 1020 causa
1295 991 1411 1024 addidi;

291 1043 342 1071 sed
366 1042 430 1070 fieri
453 1045 560 1079 potest,
591 1045 624 1069 ut
650 1041 739 1076 .,face,
769 1041 860 1070 οείπιιι
885 1042 1073 1071 scribendum
1097 1043 1145 1070 sit.
1176 1056 1217 1061 —-
1245 1038 1340 1076 ebria,
1376 1041 1411 1070 cs.

291 1094 376 1131 Cnpt.
405 1094 479 1121 109:
518 1093 695 1127 „saturitate
724 1092 854 1121 ebrius“.
884 1108 923 1112 —
955 1094 1024 1122 703.
1050 1093 1107 1122 Pro
1130 1090 1195 1121 ritu
1218 1093 1246 1121 iu
1264 1092 1290 1120 A
1308 1092 1412 1121 Stude-

292 1144 417 1173 mundus
449 1143 577 1179 ‚,blite0‘⁴
614 1143 670 1171 sibi
706 1144 804 1181 legere
838 1143 1004 1175 videbatur,
1040 1144 1091 1172 sed
1120 1147 1154 1172 ut
1177 1144 1195 1178 l,
1220 1144 1237 1178 i,
1261 1154 1276 1171 e
1300 1144 1411 1172 incerta

292 1199 399 1223 essent.
455 1194 560 1222 Exstat
583 1194 645 1222 haec
675 1203 730 1222 vox
757 1194 875 1223 Trucul.
907 1195 982 1228 844,
1018 1194 1068 1223 sed
1103 1205 1156 1223 nec
1189 1194 1244 1222 hoc
1273 1204 1324 1222 nec
1354 1195 1413 1222 alio

293 1246 438 1275 adiectivo
470 1245 517 1273 hic
544 1254 615 1274 usus
645 1249 702 1274 est.
733 1254 823 1281 quare
852 1246 1003 1282 antiquam
1027 1246 1204 1283 scripturam
1230 1246 1347 1282 reliqui.
1372 1259 1412 1264 —

294 1298 362 1325 704.
400 1293 536 1325 Stasne?
570 1296 708 1333 Olympio
732 1296 865 1329 miratur,
899 1296 978 1332 quod
1015 1297 1102 1324 herus
1136 1306 1193 1324 non
1227 1296 1413 1333 ingrediatur

293 1349 410 1377 domum
435 1356 532 1382 susm3
566 1347 590 1374 is
618 1356 688 1375 vero
711 1346 824 1374 Casina}
847 1347 976 1383 gladium
1000 1348 1115 1381 timens,
1139 1357 1170 1376 se
1193 1348 1301 1376 morari
1326 1347 1413 1375 malle

292 1399 380 1434 dicit;
414 1395 433 1426 1
466 1398 498 1427 tu
529 1396 589 1426 iam
621 1395 667 1425 sis
690 1398 724 1425 A.
781 1394 831 1426 ln'c
860 1394 964 1426 habito
992 1402 1036 1426 ost
1065 1398 1110 1426 hic
1141 1408 1253 1426 maneo.
1284 1413 1326 1418 —
1356 1398 1412 1426 Ex-

292 1454 388 1478 trema
417 1459 518 1478 versus
550 1450 578 1477 in
602 1449 736 1477 codicum
761 1448 962 1477 Palatinorun:
993 1449 1154 1487 archetypo
1184 1450 1233 1477 vix
1256 1450 1413 1487 conspicua

292 1501 392 1528 omisit
415 1500 447 1535 Β,
472 1501 522 1537 qui
546 1500 635 1527 etiam
659 1500 688 1527 in
712 1500 860 1537 principio
883 1501 1011 1537 proximi
1035 1500 1168 1528 lacunam
1192 1500 1320 1534 indicnt;
1351 1499 1411 1527 edi-

292 1555 371 1579 tores
391 1551 450 1579 fere
468 1561 502 1579 en
520 1552 714 1585 retinuerunt,
739 1559 804 1587 quoe
829 1551 858 1578 in
878 1550 889 1578 1
909 1551 1047 1588 suppleta
1064 1555 1150 1585 sunt,
1171 1548 1294 1587 yladios
1313 1554 1412 1579 autem

292 1602 437 1640 principio
462 1603 588 1639 proximi
616 1611 717 1630 versus
741 1601 935 1637 addida-unm
967 1611 1037 1639 ego,
1062 1603 1201 1639 quoniam
1225 1602 1310 1630 huius
1334 1602 1412 1630 vocis

292 1653 357 1681 duae
392 1654 493 1690 primae
522 1653 631 1680 litterae
662 1653 690 1680 in
723 1653 748 1680 A
777 1655 894 1680 exstare
917 1652 1066 1687 dicuntur,
1097 1653 1184 1680 aliter
1214 1652 1411 1690 supplendum

292 1704 371 1732 (luxi.
398 1719 437 1723 --
467 1704 537 1732 705.
567 1703 642 1731 Hinc
666 1702 740 1731 illud
762 1703 910 1739 perspicio
939 1713 1074 1732 versuum
1098 1713 1204 1740 genusx,
1239 1703 1317 1739 quod
1348 1703 1412 1731 Rei-

292 1755 408 1782 zianum
433 1757 590 1788 vocarunt,
614 1764 642 1782 v.
667 1754 782 1789 Proleg.
807 1764 835 1791 p.
866 1754 933 1788 191,
956 1753 1092 1791 Spengel.
1118 1753 1413 1791 Reformvorscbliige

293 1816 321 1843 p.
347 1806 407 1833 294
431 1815 510 1842 sqq.‚
541 1806 591 1842 qui
615 1805 811 1842 posteriorem
836 1814 937 1833 versus
962 1808 1075 1841 partem
1100 1806 1308 1843 nnapoeeticam
1333 1805 1411 1832 facit.

293 1870 333 1875 —
358 1853 426 1892 qui,
458 1856 493 1884 cs.
520 1857 590 1884 517.
620 1870 659 1875 -
694 1853 852 1884 interimat
878 1856 913 1884 A.
943 1870 983 1875 —
1015 1857 1083 1884 706.
1120 1853 1191 1885 Scio
1216 1857 1337 1884 ironice.
1375 1869 1412 1874 —-

293 1903 392 1935 malas
424 1914 552 1940 merces,
588 1907 622 1935 cf.
652 1908 722 1935 210.
754 1921 794 1926 —
830 1907 898 1934 709.
930 1910 1047 1934 constat
1081 1917 1116 1935 ex
1150 1907 1245 1935 altera
1279 1907 1412 1934 Reiziani

293 1967 394 1986 versus
417 1961 502 1995 parte
527 1958 570 1985 bis
594 1958 731 1995 repetita.
763 1972 802 1976 —-
833 1958 901 1985 710.
934 1955 1035 1985 imm.
1061 1958 1237 1995 Geppertus.
1271 1971 1306 1976 —
1337 1957 1412 1985 Tnu-

293 2009 359 2036 dem
383 2011 508 2045 uterque
533 2009 610 2037 victo
633 2010 741 2037 timore
764 2007 841 2036 aedes
865 2009 986 2036 intrant.
