1561 2473
671 215 699 240 V.
719 216 863 242 944—967.
1265 217 1322 246 441

207 311 311 348 ltaque
334 310 458 347 Bergk:
498 311 649 345 „modeste
673 312 899 340 modestum&
957 311 1104 349 Spengel„
1134 311 1184 347 qui
1216 310 1331 338 bacchi-

208 371 276 390 ucos
306 370 409 389 versus
433 362 621 390 catalecticos
646 371 703 390 non
732 364 804 396 fert,
842 362 988 391 Reformv.
1013 373 1042 400 p.
1068 362 1145 391 249:
1183 361 1334 396 „modeste

207 410 400 441 sedatumst“.
446 411 521 439 Num
551 412 803 449 „expolitumsff‘P
839 428 874 432 —
909 414 978 442 954.
1009 411 1149 449 iynauis,
1185 408 1335 448 imlnobis

208 461 304 497 uiris3
329 463 390 491 haec
414 473 471 491 non
495 472 559 490 cum
584 461 656 498 eris,
681 464 730 490 sed
755 473 819 491 cum
841 462 883 492 iis
901 465 1057 500 iungenda.
1095 464 1127 492 R.
1153 473 1207 501 pro
1224 463 1334 500 spuriis

209 514 322 542 habuit.
336 528 376 532 —
394 515 539 543 955—57
554 514 583 542 in
603 514 625 542 B
645 524 702 542 uuo
721 524 804 542 versu
826 515 1123 552 comprehenduntur.
1148 514 1198 542 sed
1216 512 1331 548 „Mole“

208 569 237 593 et
263 564 360 600 ‚‚Hec“
386 565 556 594 maiusculis
580 565 687 593 litteris
714 566 817 602 primis
847 567 957 603 scriptu
986 571 1070 600 sunt,
1107 566 1185 602 quod
1215 567 1244 593 in
1267 574 1333 592 ver-

208 617 288 644 sibus
312 616 508 644 discribendis
533 619 651 644 secutus
675 626 747 644 sum.
773 630 814 634 —
845 618 914 645 956.
952 614 1070 649 Molae.
1101 617 1268 654 pistrinum.
1296 630 1332 634 —

208 674 323 704 magna
353 670 382 695 et
405 666 568 695 Ritschelio
597 670 628 694 et
659 667 724 695 aliis
753 667 910 695 delendum
934 669 1028 695 visum
1053 670 1114 703 θείη
1153 667 1207 695 hoc
1236 667 1334 695 deleto

208 721 382 747 tetrameter
406 718 578 746 bacchiacus
602 718 643 746 fit.
675 733 715 737 —
744 719 815 747 958.
851 718 894 753 R„
921 718 979 753 Br.‚
1004 718 1065 746 Wr.
1094 722 1292 756 „propterea
1307 738 1334 745 ..

210 768 336 798 melum“
368 779 423 808 pro
453 770 562 807 spuriis
591 770 714 802 habent.
750 771 798 797 vix
828 771 900 798 iure.
934 785 970 788 —
1001 771 1071 799 959.
1109 767 1208 805 mayis
1241 766 1336 796 ¹›mclto

209 818 345 856 facilius,
370 832 396 849 v.
411 821 447 849 ad
462 822 510 849 55.
531 835 572 839 --
589 817 701 855 αθνῖ)α;
725 817 862 849 uerbera.
909 821 988 849 Brix.
1009 822 1125 849 confert
1148 821 1214 849 Ter.
1229 820 1336 848 Heaut.

212 874 286 901 356:
325 872 399 906 „tibi
428 875 515 900 eruut
538 876 645 909 parata
668 872 773 906 verba,
805 872 873 900 huic
897 872 1008 900 homini
1032 870 1188 900 uerbera“.
1212 886 1253 890 —
1283 878 1337 907 690

210 924 322 952 delevit
357 923 458 957 Both„
493 933 528 950 ne
563 926 729 960 anapaestus
769 923 857 951 iambi
892 923 986 951 locum
1022 926 1147 951 teneret.
1183 937 1224 941 —
1265 923 1335 951 960.

210 972 367 1008 molitum,
392 974 472 1012 quod
497 974 582 1002 molis
607 974 741 1002 effectum
766 978 825 1008 est,
850 975 986 1011 farinam,
1010 978 1100 1012 atque
1124 974 1197 1002 adeo
1221 983 1336 1011 panem,

211 1027 245 1055 cs.
270 1026 365 1055 Lucil.
391 1025 501 1060 XXIX,
533 1026 569 1054 fr.
594 1027 648 1054 88:
684 1029 835 1059 „uentrem
860 1026 987 1053 alienum
1013 1028 1156 1054 maestum
1179 1025 1279 1052 fouere
1302 1034 1338 1052 ex

211 1078 314 1106 molito
338 1076 482 1106 hordeo“.
540 1073 683 1105 molitum
699 1074 846 1113 praebet,
877 1077 926 1113 qui
952 1077 1043 1104 molas
1067 1079 1174 1104 versat.
1202 1090 1238 1094 —
1265 1076 1336 1103 961.

211 1127 261 1165 id,
290 1130 321 1157 in
344 1128 368 1156 B
399 1129 538 1157 omissum
569 1132 648 1162 erat,
678 1128 727 1156 sed
758 1131 860 1165 postea
884 1126 1018 1155 additum
1042 1130 1096 1155 est.
1121 1141 1161 1147 —
1185 1127 1256 1155 963.
1281 1123 1338 1154 alii

211 1181 282 1208 olim
306 1190 360 1208 em.
410 1178 508 1214 „esse“
536 1180 630 1208 omisi.
655 1193 696 1198 --
720 1177 754 1206 in
776 1185 850 1213 rem,
875 1188 913 1206 sc.
939 1188 1031 1206 suam.
1050 1192 1091 1196 —
1110 1179 1181 1206 954.
1206 1177 1337 1206 camon:

214 1231 346 1268 „Motum
370 1234 403 1258 ut
426 1230 497 1258 mihi
521 1228 709 1265 ndbibeam'‘,
732 1229 810 1267 quod
834 1230 858 1257 si
883 1229 1000 1266 probes,
1025 1239 1090 1258 cum
1109 1228 1267 1266 Spengelio
1290 1238 1336 1256 vv.

211 1283 358 1312 965—66
373 1282 468 1319 spurii
492 1281 640 1310 censendi.
685 1280 750 1317 Ego
774 1281 802 1308 iu
822 1284 962 1308 contextu
983 1280 1143 1308 Hermanni
1161 1281 1337 1308 sententiam

212 1344 276 1363 cum
300 1333 334 1362 R.
360 1337 389 1361 et
413 1333 462 1360 Br.
487 1335 607 1360 secutus
630 1342 709 1365 sum,
746 1335 778 1359 ut
807 1332 836 1359 in
868 1332 1012 1368 proximis
1044 1341 1109 1359 cum
1132 1331 1244 1367 Pylade
1268 1331 1337 1358 scri-

212 1387 315 1414 batur:
340 1381 482 1412 Metuant
500 1380 585 1411 leand
600 1380 738 1417 multum,
758 1382 804 1410 hic
822 1386 920 1410 autem
940 1382 1075 1410 deleatur
1093 1392 1156 1410 voc.
1174 1380 1336 1416 „Metum“‚

212 1437 342 1465 addatur
364 1433 403 1463 si.
451 1434 559 1463 Versus
589 1444 675 1462 causa
699 1441 749 1462 ero
778 1434 812 1462 ut
841 1435 1000 1462 omiserim.
1026 1448 1067 1452 —
1095 1431 1219 1469 culpam
1241 1429 1338 1461 absti-

212 1495 315 1522 neam,
346 1487 381 1515 cf.
407 1486 473 1514 Ter.
500 1486 604 1514 fleant.
631 1486 707 1513 373:
746 1486 915 1520 „Gemitus,
945 1488 1092 1519 screatus,
1121 1485 1225 1518 tussis,
1261 1485 1338 1512 risus

212 1538 357 1568 abstine“.
378 1553 419 1556 —
437 1536 608 1574 Sequuntur
630 1538 661 1565 in
685 1536 770 1565 codd.
792 1536 982 1564 Mostellariae
1006 1546 1052 1564 vv.
1068 1536 1213 1564 842-44
1233 1545 1337 1573 parum

212 1594 350 1619 accurate
378 1590 491 1626 scripti.
550 1588 619 1616 Haec
648 1598 665 1616 a
692 1588 801 1616 lectore
830 1588 930 1624 aliquo
962 1587 992 1614 in
1022 1588 1156 1623 margine
1190 1586 1336 1624 adposita,

212 1642 280 1671 iude
303 1643 333 1669 in
357 1643 527 1669 contextum
550 1640 749 1676 irrepserunt3
774 1640 873 1667 omisit
896 1639 1008 1675 primus
1028 1637 1078 1672 R.;
1102 1638 1214 1666 frustra
1237 1640 1338 1666 tuetur

212 1693 334 1722 Vahlen.
370 1707 411 1712 —
449 1693 519 1719 965.
556 1687 680 1727 quando
714 1697 786 1718 erus
821 1689 899 1718 Cam.
935 1699 1005 1724 em,
1045 1687 1218 1726 „quandoc“
1254 1692 1338 1717 tenet

214 1744 298 1773 vahl.
323 1743 388 1773 coll.
413 1743 494 1771 Fest.
519 1752 547 1779 p.
574 1742 643 1770 258.
669 1755 706 1760 —
737 1738 773 1769 ob
801 1737 886 1776 facta
914 1741 999 1769 Both.
1054 1740 1204 1769 Messenio
1227 1750 1336 1777 prope·

213 1796 291 1824 diem
325 1805 356 1823 se
390 1794 516 1822 liberum
551 1793 614 1822 fore
649 1796 758 1830 sperat.
791 1807 830 1812 --
864 1793 935 1821 966.
973 1792 1097 1820 Versum
1131 1795 1161 1820 et
1190 1791 1245 1820 hoc
1273 1791 1338 1819 loco

214 1857 271 1875 non
294 1845 449 1874 ferendum
475 1848 505 1872 et
528 1845 658 1873 numeris
682 1848 829 1872 carentem
853 1844 935 1871 uncis
959 1843 1073 1872 seclusi.
1120 1842 1233 1870 Cumer.
1254 1841 1337 1879 „Ego

212 1898 267 1926 hoc
302 1895 454 1933 exemplo“
492 1897 627 1933 scripsit,
662 1904 716 1931 ego
746 1892 803 1924 ΕΟ.
872 1894 906 1923 R.
941 1896 983 1923 sic
1016 1896 1178 1922 mutatum:
1216 1893 1336 1930 „quue

213 1949 346 1986 exemplo
382 1949 494 1982 Seruio,
529 1951 613 1983 tergo
648 1948 677 1974 in
712 1956 772 1974 rem
809 1949 841 1974 ut
875 1946 989 1974 arbitro
1021 1944 1101 1973 esseu
1133 1946 1200 1981 post
1223 1955 1250 1973 v.
1276 1944 1334 1973 961

213 2001 322 2039 posuit.
349 2014 390 2018 —
414 1999 485 2027 967.
508 1995 562 2027 Ita
584 2000 614 2026 in
637 1998 786 2036 principio
810 1997 959 2035 apodosis,
984 1997 1019 2025 cf.
1039 1996 1075 2025 ad
1101 1996 1188 2034 Epid.
1211 1996 1281 2024 609.
1298 2010 1333 2014 —

215 2052 285 2080 969.
321 2048 490 2088 Metamque
513 2057 599 2078 erum
621 2050 655 2078 R.
691 2064 731 2068 —
765 2048 835 2077 Cum
867 2046 950 2077 saltu
978 2048 1108 2076 difficilis
1138 2048 1235 2075 exitus
1259 2047 1337 2075 aedes

214 2103 379 2132 meretricis
391 2102 491 2130 damni
504 2102 608 2138 plenas
620 2104 780 2137 comparat.
804 2114 839 2118 -
861 2100 897 2127 ut
914 2096 1043 2127 educam
1058 2094 1146 2133 foras
1158 2098 1268 2126 Pareus
1281 2108 1335 2126 em.
