1596 2478
283 176 323 204 28
795 175 884 201 Plauti
1155 176 1205 209 111,
1224 177 1249 208 2,
1272 176 1404 202 ios—113

719 268 967 310 Periphanes

897 322 981 360 Quid
1005 324 1094 355 iam?

748 399 891 439 Epidio
901 410 918 431 u
928 412 942 430 s

1147 453 1194 484 Ne
1218 456 1250 484 te
1273 456 1406 484 censeat

285 493 345 524 Fili
370 504 472 525 causa
496 494 612 532 facere,

716 554 970 594 Periphanes

635 608 752 639 Docte!

746 684 940 724 Epidicus

793 739 864 776 Quo
887 738 978 770 illum
1003 738 1044 770 ab
1069 738 1125 769 illa
1149 738 1339 779 prohibeam
1356 747 1407 772 290

284 790 332 821 Ne
356 801 421 831 qua
445 791 486 821 ob
511 802 582 823 eam
607 792 823 832 suspicionem
849 792 1026 824 difficultas
1051 796 1179 823 euenat.

716 868 969 909 Periphanes

284 920 384 958 Quem
410 921 572 953 hominem
597 923 801 953 inueniemus
824 922 866 953 ad
891 933 962 954 eam
985 933 1054 954 rem
1078 922 1215 954 utilem?

746 998 940 1040 Epidicus

1067 1052 1127 1084 Hic
1151 1053 1213 1084 erit
1237 1056 1408 1093 optumus;

285 1105 345 1136 Hic
369 1107 490 1146 poterit
513 1117 631 1138 cauere
656 1110 752 1144 recte,
775 1107 848 1138 iura
871 1107 927 1147 qui
951 1110 984 1137 et
1007 1106 1094 1146 leges
1118 1110 1216 1138 tenet.

722 1177 972 1218 Periphanes

284 1230 422 1271 Epidico
445 1231 570 1263 habeas
594 1232 742 1272 gratiam.

747 1302 940 1343 Epidicus

782 1356 844 1388 Sed
869 1367 928 1396 ego
952 1356 1037 1387 istuc
1061 1356 1177 1387 faciam
1203 1356 1326 1387 scdulo.

285 1409 353 1448 Ego
378 1409 468 1440 illum
493 1411 686 1441 conueniam
711 1416 811 1450 atque
835 1409 996 1441 adducam
1021 1409 1106 1440 hunc
1125 1409 1165 1441 ad
1185 1420 1258 1440 eum
1277 1410 1409 1450 quoiast

1002 1464 1144 1502 fidicina,
1359 1472 1410 1498 295

286 1517 394 1557 Atque
418 1521 588 1557 argentum
613 1528 673 1558 ego
698 1528 770 1549 cum
795 1517 856 1549 hoc
879 1517 992 1549 feram.

718 1594 973 1634 Periphanes

802 1648 922 1686 Quanti
947 1651 1058 1688 potest
1079 1648 1222 1678 miuumo
1246 1647 1302 1678 illa
1325 1648 1409 1679 emi?

773 1724 969 1764 Epidicus

286 1778 335 1810 Ad
360 1779 580 1819 quadraginta
604 1780 743 1811 fortasse
766 1789 838 1810 eam
862 1789 958 1819 posse
982 1778 1043 1809 emi
1068 1778 1212 1808 miuumo
1237 1777 1346 1815 minis3

288 1831 408 1863 Uerum
427 1833 452 1864 si
473 1833 546 1873 plus
565 1833 704 1871 dederis,
724 1833 863 1864 referam
877 1849 916 1854 -—
930 1831 1010 1863 nihil
1034 1832 1066 1863 in
1091 1842 1131 1863 ea
1148 1842 1183 1862 re
1207 1831 1350 1871 captiost
1370 1847 1407 1852 —

288 1885 392 1925 Atque
416 1886 447 1917 id
473 1898 537 1918 non
563 1887 674 1918 decem
698 1890 893 1926 occupatum
918 1886 978 1917 tibi
1003 1886 1065 1917 erit
1088 1888 1259 1925 argeutum
1283 1884 1360 1916 dies.

356 2024 407 2049 289
426 2022 483 2048 Nec
545 2023 592 2048 291
615 2022 727 2048 eueniat
792 2022 841 2047 294
860 2021 977 2054 Epidice
1045 2020 1118 2047 facio
1188 2021 1238 2046 295
1258 2020 1311 2046 huc
1330 2020 1364 2046 ud
1383 2023 1410 2046 te

288 2066 355 2099 quoi
374 2066 429 2091 inst
481 2066 532 2091 2216
551 2064 652 2097 Quanti
673 2065 725 2090 cmi
745 2066 841 2097 potest
860 2063 997 2089 minimo?
1017 2062 1069 2089 ΕΡ.
1089 2062 1198 2089 Illune?
1254 2063 1304 2089 297
1322 2062 1410 2088 minas

288 2111 337 2134 299
356 2108 436 2134 dccet
