1596 2478
628 187 659 214 V.
681 188 768 213 1—29.
1200 190 1260 219 303

144 301 180 305 —-
213 287 240 314 8.
271 282 414 319 dim-ecte,
445 295 471 312 v.
497 284 532 312 ad
557 284 660 312 Bacch.
688 285 756 312 577.
782 299 822 302 —
851 285 878 312 9.
909 283 1018 312 Tranio
1042 283 1158 321 alapam
1183 283 1259 312 Gru-

143 338 231 365 mioni
260 336 378 373 infligit.
432 333 494 363 Em
522 338 600 363 recte
630 335 728 363 Dousa
756 335 921 372 ceterique,
958 345 984 362 v.
1014 334 1051 362 ad
1074 335 1156 362 Asin.
1189 336 1259 364 428.

143 388 315 416 Interiectio
339 388 439 424 potius
463 390 547 414 extra
571 396 707 414 numeros
726 386 911 422 pronuntiari
936 395 1022 423 quam
1042 395 1106 414 cum
1125 387 1261 424 proximo

143 440 307 468 coalescere
330 438 457 472 videtur,
482 438 516 465 cs.
531 437 609 465 Meu.
626 438 694 465 552.
727 436 807 465 Pei-s.
827 438 887 464 802
911 446 975 465 cum
1000 447 1066 465 ann.
1086 452 1127 456 —
1145 434 1260 472 hocine,

142 494 176 519 ut
198 494 227 519 te
251 490 446 518 verberarem.
479 503 516 508 —
552 484 642 517 Perii
672 488 798 516 dolentis
822 491 879 524 est,
912 489 946 516 cf.
973 489 1052 516 Asin.
1078 490 1148 517 413.
1194 489 1259 518 Cas.

145 542 214 570 380.
250 541 331 569 Pers.
346 541 417 569 806.
431 555 470 559 —
493 541 539 568 10.
566 536 646 575 Quia
668 537 769 573 uiuis;
785 550 863 567 -nam
883 542 1030 567 mortuum
1048 550 1113 568 eum
1132 541 1260 569 volebat.

143 592 328 621 Camerarius
351 602 476 629 eumque
499 592 590 619 secuti
614 594 700 618 eett.:
734 590 827 626 „Quia
850 594 882 618 tu
907 589 980 619 uis.“
1007 606 1042 610 —
1072 592 1118 619 11.
1142 588 1262 620 saluom

144 647 223 672 recte
246 643 359 672 Nonius
383 653 412 680 p.
437 644 484 677 81,
509 643 559 680 qui
583 642 669 680 plura
692 642 778 670 affert.
801 642 935 679 exempla
958 642 1062 670 similis
1085 653 1154 671 usus
1179 643 1260 671 verbi

143 692 296 723 comedere
318 692 518 732 (καταφαγεῖν).
550 709 590 712 -
622 694 668 721 12.
697 689 805 728 frutex
829 694 865 722 de
887 694 1009 731 stupido
1034 694 1150 722 homine
1174 696 1262 723 etiam

144 747 222 784 apud
245 747 333 784 Apul.
357 747 442 784 Apol.
468 748 506 774 66
531 748 621 773 extr.:
661 755 714 780 „ne
738 744 806 773 huie
830 745 931 773 frutici
955 745 1071 773 credam
1096 755 1153 774 non
1177 746 1263 775 modo

145 798 244 827 odium
267 800 454 836 peccatorum
478 797 529 826 sed
553 797 657 825 saltem
675 796 858 824 intellectum
876 794 1002 824 inesse“.
1027 797 1062 824 cf.
1076 797 1142 826 Ter.
1156 798 1262 827 Heaut.

145 850 220 878 877:
260 849 359 884 „Quae
382 852 450 877 sunt
474 849 552 877 dicta
576 850 606 876 in
629 848 729 882 stulto,
754 848 875 882 caudex,
900 846 1025 886 stipes“.
1081 848 1146 876 Non
1170 850 1265 885 igitur

144 911 208 928 cum
239 900 346 929 Guieto
374 903 404 928 et
431 900 593 928 Ritschelio
625 897 755 937 „rupex“
786 899 987 936 reponendum
1017 908 1052 927 ex
1083 899 1156 928 Gell.
1181 900 1262 936 XIII,

145 953 172 987 9,
199 954 214 981 5
240 952 276 980 al.
301 966 341 971 —
369 953 414 980 15.
443 962 530 986 „sane
554 951 608 979 hoc
632 949 738 979 credo“
765 950 810 978 ed.
836 950 946 987 Bugg.‚
982 952 1052 987 quia
1074 952 1104 978 in
1129 951 1151 979 Β
1175 962 1265 989 supra

145 1003 250 1032 lineam
283 1002 375 1038 „hoc“
413 1003 546 1031 additum
582 1007 641 1037 est,
677 1012 710 1030 ac
738 1003 915 1039 reciperem,
951 1003 976 1030 si
1005 1012 1022 1029 a
1051 1012 1139 1031 mauu
1167 1004 1265 1040 prima

144 1055 310 1092 profectum
346 1058 496 1091 putarem3
532 1064 597 1082 nam
627 1055 698 1082 sutis
733 1056 801 1091 apte
835 1053 959 1081 dieitur:
994 1052 1064 1088 hoc,
1101 1055 1117 1081 i.
1143 1064 1168 1082 e.
1199 1054 1265 1083 ideo

146 1103 185 1142 (v.
211 1106 246 1134 ad
272 1106 337 1134 Aul.
364 1107 432 1134 228.
458 1106 535 1134 infra
558 1102 623 1141 48.)
647 1115 696 1133 rus
720 1105 825 1138 odisti,
855 1106 925 1142 quia
955 1105 1010 1132 scis
1039 1105 1094 1132 tibi
1124 1106 1200 1134 mala
1223 1106 1264 1134 ibi

145 1158 285 1195 patienda
309 1166 382 1185 esse.
406 1171 446 1175 ——
470 1155 534 1185 scis
557 1157 601 1184 ed.
620 1166 664 1193 pr.
689 1171 730 1175 —
755 1152 870 1184 bucher
893 1165 1022 1192 praesens
1046 1156 1187 1185 infinitivi
1210 1167 1265 1195 pro

146 1209 254 1243 futuro,
278 1208 338 1236 vid.
362 1208 398 1236 ad
422 1209 502 1236 Asin.
528 1209 598 1236 439.
634 1208 717 1236 Cure.
744 1208 813 1235 597.
849 1207 939 1236 Poen.
965 1208 1036 1235 257.
1060 1222 1101 1226 —
1136 1209 1181 1237 17.
1210 1205 1266 1237 Cis

138 1267 261 1296 paucas
287 1258 492 1296 tempestates,
517 1260 535 1288 i.
561 1269 585 1288 e.
610 1260 690 1287 intra
714 1259 801 1287 breve
824 1261 955 1295 tempus,
986 1259 1021 1287 cf.
1044 1259 1164 1288 Trucul.
1189 1261 1264 1289 345:

149 1313 209 1347 „cis
232 1311 295 1339 dies
318 1310 458 1349 pauc0s“.
504 1310 616 1339 Colum.
636 1311 673 1346 ΙΙ,
694 1311 720 1345 8,
747 1311 789 1338 3:-
807 1312 901 1345 „citra
924 1310 1068 1338 Calendas
1091 1310 1265 1339 Octobres“.

146 1364 182 1391 al.
208 1377 245 1382 —-
274 1364 321 1391 18.
346 1370 516 1396 numerum,
541 1372 579 1390 sc.
605 1371 765 1395 servorum,
789 1364 822 1389 ut
844 1361 955 1389 indicat
978 1362 1147 1399 appositum
1168 1369 1267 1398 yeme-S

145 1411 294 1450 ferratile,
329 1415 347 1442 i.
372 1424 396 1441 e.
422 1422 514 1452 genus
546 1414 624 1442 ferro
653 1414 796 1448 vinctum3
832 1423 898 1440 uam
929 1413 1058 1441 catenati
1087 1414 1116 1441 in
1140 1414 1266 1451 pistrino

147 1476 221 1504 opus
244 1466 401 1500 faciebant,
425 1465 460 1493 cf.
475 1465 578 1493 Bacch.
595 1466 669 1493 776:
697 1465 916 1501 „Ferratusque
935 1465 964 1492 ln
988 1465 1114 1500 pistrino
1138 1468 1266 1494 aetatem

146 1515 314 1546 conteras“.
333 1532 374 1536 —-
396 1518 441 1545 19.
460 1513 543 1544 lubet
560 1517 663 1544 ultima
681 1519 827 1554 correpta.
849 1530 885 1534 —
907 1516 955 1543 20.
982 1515 1087 1544 Hiatus
1106 1517 1135 1544 in
1156 1526 1267 1545 caesura

146 1569 284 1597 ferendus
313 1572 372 1603 est3
407 1569 482 1596 alter
505 1571 571 1596 ante
598 1565 802 1605 ‚,optumum“‚
822 1568 850 1597 .i.
875 1577 899 1594 e.
925 1570 991 1594 ante
1019 1567 1156 1596 ultimum
1179 1570 1267 1597 creti-

147 1630 212 1648 cum
235 1617 276 1657 (v.
300 1619 415 1657 Proleg.
440 1630 468 1657 p.
496 1620 564 1654 183,
588 1619 665 1647 iufra
688 1629 714 1647 v.
740 1615 794 1655 38)
817 1619 911 1654 magis
935 1617 1040 1646 dubius
1064 1622 1122 1655 est3
1154 1619 1265 1648 Ritsch.

149 1669 319 1707 „nostrum“
345 1671 443 1705 addit;
467 1680 523 1707 ego
550 1668 840 1705 „adulescentulum“
866 1669 995 1698 scribere
1019 1670 1128 1699 malim.
1181 1671 1266 1706 Quod

147 1725 243 1751 autem
266 1725 335 1760 post
352 1722 493 1758 Pyladem
517 1723 652 1760 plerique
676 1721 790 1750 addunt
810 1719 952 1757 ‚‚filium‘*,
976 1730 1011 1749 eo
1033 1731 1092 1749 nou
1115 1725 1161 1750 est
1183 1732 1267 1760 opus.

146 1789 188 1792 —
212 1775 260 1802 21.
285 1771 545 1811 peryraecamdni,
576 1773 746 1802 Graecorum
770 1783 851 1801 more
874 1773 958 1801 vobis
982 1772 1148 1810 indulgete,
1178 1784 1203 1801 v.
1230 1774 1267 1802 ad

147 1825 252 1854 Bacch.
278 1827 354 1860 739,
389 1826 465 1853 iufra
490 1826 538 1853 61.
564 1825 635 1853 942.
682 1825 770 1853 Poen.
797 1825 867 1852 602.
914 1824 1032 1852 Trucul.
1058 1825 1106 1852 91.
1145 1839 1181 1844 -—-
1218 1826 1267 1853 23.

149 1875 296 1913 opsonate
317 1873 553 1913 pollucibiliter,
588 1877 606 1904 i.
631 1886 654 1904 e.
685 1876 809 1913 opsonia
842 1879 946 1912 parate
975 1878 1146 1913 sumptuose
1175 1879 1208 1904 ut
1237 1877 1268 1904 in

148 1928 296 1957 sacrificiis
321 1928 451 1963 deorum,
480 1928 522 1956 ibi
545 1928 622 1955 enim
644 1927 813 1964 pollueendi
836 1927 958 1955 verbum
981 1928 1137 1964 proprium
1161 1930 1214 1962 est,
1238 1938 1266 1956 v.

148 1979 228 2008 Fest.
258 1990 288 2018 p.
319 1980 378 2008 253
409 1982 438 2007 et
466 1979 502 2006 ad
531 1978 607 2007 Rud.
641 1979 730 2007 1406.
778 1977 906 2006 Maerob.
931 1977 993 2006 Sat.
1016 1977 1054 2011 ΙΙ,
1089 1979 1124 2006 13
1153 1979 1267 2016 ⁷,pollu-

149 2031 263 2059 cibilem
295 2028 413 2058 cenam“
445 2030 570 2058 sortasse
599 2030 667 2058 hinc
689 2030 822 2066 sumpsit.
860 2044 900 2048 —
934 2029 984 2057 24.
1018 2026 1059 2057 iit
1080 2029 1180 2066 codd.,
1215 2030 1267 2059 sed

149 2091 252 2110 versus
276 2081 407 2110 ostendit
429 2078 455 2108 it
477 2081 634 2117 legendum
659 2091 735 2118 esse,
765 2090 860 2117 neque
889 2080 950 2108 haec
973 2083 1122 2108 contracta
1144 2081 1267 2118 perfecti

149 2133 242 2161 forma
259 2136 312 2169 est,
337 2133 387 2160 sed
404 2142 532 2170 praeseus
551 2132 733 2168 historicum,
756 2143 783 2160 v.
798 2131 835 2160 ad
848 2131 953 2169 Amph.
980 2133 1049 2160 661.
1063 2146 1104 2150 —
1126 2133 1174 2160 29.
1202 2129 1268 2168 Quo
