1596 2478
144 207 197 239 ΙΙΙ,
218 209 240 241 1,
258 208 360 234 57—68
618 210 798 236 Mostellaria.
1201 210 1258 240 107

614 303 788 336 Danista

144 356 226 394 Quin
251 367 310 388 uos
335 357 410 388 mihi
436 357 549 389 faenus
573 357 659 389 date.
705 358 789 396 Quid
813 357 865 389 hic
889 357 1076 398 nugamini‘?

625 433 774 466 Tranio

145 487 190 519 Eu
215 488 323 519 hercle
346 499 386 520 ne
409 492 444 520 tu
468 488 521 520 abi
546 488 656 527 mod03
681 489 832 520 ausculta
857 489 942 520 mihi.
1171 518 1174 522 .
1210 497 1259 522 575

617 565 785 596 Danista.

143 618 211 650 Iam
234 619 342 650 hercle
366 629 425 659 ego
448 619 539 651 illum
563 619 737 651 nominabo
762 644 991 651 ........

622 733 773 765 Tranio

673 787 761 828 Euge
786 791 926 820 strenue.

143 840 265 873 Beatus
291 852 368 874 uero
393 852 427 874 es
451 852 544 880 nunc,
567 852 665 883 quom
690 842 841 874 clamas?

614 918 788 950 Danista

881 973 989 1004 Meum
1014 978 1099 1013 peto.

142 1026 263 1058 Multos
287 1037 337 1058 me
360 1027 422 1058 hoc
446 1030 542 1068 pacto
566 1028 631 1058 iam
655 1026 724 1058 dies
747 1026 963 1058 frustramini.

142 1080 300 1112 Molestus
323 1082 347 1112 si
371 1092 451 1119 sum,
476 1081 603 1113 reddite
627 1085 811 1121 argentum3
837 1081 957 1113 abiero¹
1211 1089 1262 1115 580

141 1134 381 1175 Responsiones
406 1136 509 1167 omnis
532 1135 593 1168 hoc
615 1135 718 1168 uerbo
741 1136 850 1176 eripis.

626 1206 774 1238 Tranio

144 1248 271 1280 Sortem
295 1250 416 1290 accipe.

617 1309 787 1341 Danista

461 1364 562 1396 Immo
585 1364 710 1403 faenus,
734 1364 766 1395 id
790 1365 930 1405 primum
954 1364 1040 1396 uolo.

629 1442 775 1474 Tranio

145 1493 231 1531 Quid
256 1495 304 1526 ais
328 1498 374 1532 tu,
399 1497 541 1526 omnium
563 1495 728 1527 hominum
753 1497 971 1527 taeterrume?

146 1548 271 1580 Uenisti
296 1548 359 1580 huc
382 1552 415 1580 te
438 1552 665 1581 extentatum'?
710 1550 795 1590 Agas
819 1550 907 1590 quod
930 1550 962 1581 in
987 1560 1085 1581 manu
1109 1554 1168 1581 est.

144 1602 216 1634 Non
241 1602 305 1640 dat,
328 1613 393 1634 non
417 1603 523 1635 debet.

641 1663 816 1696 Danista

560 1718 633 1750 Non
657 1718 776 1749 debet?

623 1795 773 1827 Tranio

808 1849 856 1881 Ne
881 1850 936 1881 frit
959 1850 1090 1890 quidem
1213 1859 1264 1884 585

143 1902 240 1933 Ferre
264 1903 339 1934 hinc
363 1908 464 1944 potes.
512 1905 558 1935 An
583 1904 711 1943 metuis,
734 1915 774 1936 ne
799 1915 863 1946 quo
887 1904 984 1936 abeat
1008 1904 1095 1936 foras

211 2023 262 2048 576
280 2023 364 2048 illunc
382 2022 433 2049 BC
533 2024 652 2049 576—77
670 2024 771 2050 lacuna
790 2032 846 2050 ozon
864 2023 1006 2050 indicatur
1107 2025 1222 2050 stremio
1244 2025 1266 2051 Ο

143 2066 193 2091 578
212 2065 309 2090 damus
331 2066 353 2092 0
402 2066 460 2092 DA.
480 2074 529 2092 om.
582 2071 650 2099 puto
671 2066 711 2092 C·
751 2068 801 2092 579
820 2066 877 2092 DA.
898 2068 1000 2092 multos
1018 2067 1044 2092 B
1096 2066 1152 2093 580
1170 2069 1220 2093 sim
1243 2068 1264 2094 Ο

143 2108 189 2133 581
211 2108 294 2141 eripit
316 2107 366 2134 BC
425 2111 475 2135 583
495 2110 534 2135 ais
553 2117 603 2136 om.
622 2109 671 2135 Bc
731 2110 872 2135 hominem
891 2111 1014 2136 omnium
1033 2109 1083 2136 BC
1142 2111 1191 2137 585
1210 2120 1262 2137 nec

144 2151 195 2176 erit
216 2151 325 2184 quidem
383 2153 431 2177 586
451 2151 537 2177 erre
556 2151 608 2177 hoc
629 2155 709 2185 potes
730 2161 763 2178 an
774 2173 779 2179 .
791 2173 796 2178 .
808 2172 813 2177 .
828 2174 831 2177 .
846 2174 849 2177 .
880 2173 900 2177 ..
914 2151 989 2185 .Qu0
1009 2153 1108 2179 habeat
1128 2154 1203 2179 foras
1214 2153 1266 2180 BG
