1596 2478
297 148 336 177 72
810 142 900 168 Plauti
1234 141 1255 173 Ι,
1275 143 1298 174 1,
1316 142 1418 168 60—7'1

295 239 379 270 Date
403 249 470 275 aes,
495 238 521 269 si
547 248 610 269 non
635 240 694 268 est.
741 237 844 275 Agite,
869 245 967 276 porro
990 236 1125 276 pergite,
1384 244 1419 270 60

295 293 455 330 Quoniam
480 291 669 331 occepisti83
694 290 799 326 bibite,
825 290 1091 330 pergraecamini,

296 346 384 383 Este,
408 345 562 376 ecfercite
585 355 653 382 uos,
676 344 824 383 saginam
847 343 866 382 †
889 343 1026 375 caedite.

783 437 931 468 Tranio

297 501 381 528 Tace
405 501 503 537 atque
527 496 580 527 abi
605 507 675 534 rus;
699 506 759 536 ego
783 497 830 528 ire
854 497 886 526 in
911 495 1062 527 Piraeum
1087 496 1161 526 uolo

297 551 334 582 In
358 560 531 591 uesperum
556 560 674 591 parare
697 551 858 590 piscatum
883 549 969 580 mihi.

297 604 418 635 Eruom
443 603 502 635 tibi
529 603 649 644 aliquis
673 614 744 635 cras
768 603 843 634 faxo
867 603 908 634 ad
933 602 1046 634 uillam
1071 602 1210 634 adferat.
1386 611 1420 637 65

299 657 383 696 Quid
409 661 469 695 est,
494 658 582 697 quod
605 661 639 688 tu
665 668 714 688 me
738 667 823 688 nunc
847 661 993 696 optuere,
1018 656 1173 687 furcifer?

1559 775 1562 780 -
1553 617 1568 753 ->„‹2ae»-.

777 743 937 775 Grumio

299 804 357 836 Pol
381 803 442 835 tibi
467 805 554 835 istuc
577 803 674 835 credo
699 814 814 834 nomen
839 807 985 834 actutum
1010 804 1086 834 fore.

785 896 935 927 Tranio

301 956 383 987 Dum
410 957 536 987 interea
559 957 606 987 sic
629 956 679 992 sit,
703 957 790 986 istuc
814 955 977 987 'actutum‘
1002 957 1081 987 sino.

777 1050 938 1080 Grumio

301 1109 353 1140 lta
376 1113 437 1145 est,
461 1109 517 1139 sed
541 1119 640 1140 unum
664 1109 726 1139 hoc
749 1109 846 1139 scito:
871 1109 970 1139 nimio
994 1108 1132 1140 celerius

302 1162 408 1199 Uenu,
433 1162 521 1202 quod
546 1162 640 1199 nolis,
665 1173 761 1202 quam
784 1162 874 1199 illud,
899 1162 987 1203 quod
1011 1162 1128 1202 cupide
1154 1166 1253 1203 petas.
1389 1171 1423 1195 ’10

785 1255 930 1287 Tranio

300 1315 458 1346 Molestus
482 1325 521 1345 ne
547 1315 606 1352 sis;
629 1325 716 1345 nunc
739 1315 802 1346 iam
828 1316 837 1345 i
862 1326 932 1353 rus3
956 1319 987 1346 te
1011 1325 1134 1346 amone.

301 1369 348 1400 Ne
372 1372 408 1399 tu
433 1379 529 1405 erres,
555 1368 749 1408 praeterhac
772 1368 849 1399 mihi
874 1379 937 1400 non
962 1369 1062 1400 facies
1087 1379 1218 1400 moram.

781 1460 942 1492 Grumio

301 1522 392 1554 Satin
418 1522 501 1553 abiit
524 1532 628 1561 neque
654 1521 740 1561 quod
766 1521 830 1552 dixi
855 1521 946 1553 flocci
971 1523 1169 1553 existumat?

302 1576 364 1607 Pro
390 1576 421 1607 di
445 1575 645 1613 inmortales,
670 1575 804 1606 obsecro
829 1579 974 1606 nostram
999 1575 1105 1613 fidem,

300 1629 422 1667 Facite,
445 1629 507 1661 huc
531 1635 567 1661 ut
591 1630 702 1661 redeat
726 1634 836 1660 noster
860 1640 956 1668 quam
982 1629 1119 1669 primum
1144 1640 1251 1667 senex,
1389 1637 1422 1662 75

300 1683 487 1714 Triennium
512 1685 568 1725 qui
591 1685 656 1715 iam
681 1683 754 1714 hinc
779 1683 884 1720 abest,
910 1683 1001 1723 prius
1026 1693 1122 1724 quam
1147 1683 1255 1714 omnia

302 1736 441 1774 Periere,
467 1742 499 1768 et
523 1737 620 1769 aedes
645 1741 677 1769 et
700 1747 792 1777 ager3
817 1737 871 1778 qui
896 1737 958 1767 nisi
983 1736 1045 1767 huc
1069 1737 1164 1773 redit,

369 1857 403 1881 60
421 1856 493 1881 Data
512 1865 540 1881 es
558 1855 695 1881 inonestis
714 1855 750 1883 Β,
772 1854 835 1880 dato
855 1863 883 1879 es
902 1855 1050 1880 inhoneste
1070 1855 1092 1881 C
1145 1856 1175 1881 61
1198 1857 1331 1889 occepisti
1353 1855 1375 1882 Ο

301 1899 359 1924 bibi
438 1900 471 1924 (32
489 1907 520 1924 ec
540 1898 619 1924 sei-ite
639 1897 674 1926 Β,
694 1897 816 1923 ecferute
836 1897 857 1923 (2
933 1897 1023 1923 cedite
1044 1897 1066 1923 C
1144 1899 1177 1924 68
1197 1906 1309 1931 pyreum
1330 1907 1381 1924 uos
1402 1898 1425 1924 C

301 1942 334 1966 65
355 1941 389 1966 ad
409 1941 504 1966 uillam
524 1941 596 1973 saxu,
615 1941 663 1966 sed
681 1943 797 1966 correcto
815 1947 905 1965 errore
925 1939 947 1965 C
1013 1941 1046 1965 66
1065 1940 1135 1972 Quid
1156 1945 1197 1966 est
1215 1941 1281 1974 quid
1301 1942 1322 1966 C
1389 1942 1423 1968 68

302 1983 422 2009 intereas
509 1984 543 2009 69
562 1983 694 2008 neele-rius
713 1982 747 2013 Β,
768 1982 900 2007 ecclc-rius
925 1981 947 2007 C
1040 1983 1073 2007 '⁷0
1092 1982 1191 2008 Uonire
1210 1983 1284 2016 quod
1304 1984 1422 2010 moleste

302 2033 384 2058 quam
454 2026 487 2050 72
506 2033 580 2051 erres
600 2025 692 2051 hercle
762 2024 862 2050 faciaes
942 2025 974 2049 73
990 2025 1117 2056 proximo
1134 2025 1277 2058 ponpam]
1296 2025 1318 2051 C
1389 2027 1421 2051 77

301 2070 409 2102 pertere
428 2068 449 2094 G
