1596 2478
283 144 343 173 392
755 143 927 170 Menaechmi.

282 240 426 277 paruerit,
451 239 559 277 capital
584 237 678 268 esto“.
704 240 740 267 al.
775 255 816 259 —-
851 241 901 269 93.
940 239 1047 278 „dmm
1076 253 1163 280 quum
1193 241 1262 272 diu“
1289 244 1337 272 Br.
1363 259 1403 264 —

283 291 333 318 94.
357 290 470 319 Nonius
489 300 516 327 p.
540 291 596 318 108
616 300 719 328 purum
739 294 874 320 accurate
895 291 994 320 affert:
1024 293 1084 328 „Ea
1108 294 1183 322 enim
1209 291 1270 322 sere
1294 295 1403 324 lentn“.

283 339 341 375 Ila,
366 351 391 370 v.
418 341 548 377 Langen.
573 341 664 369 Beitr.
689 352 718 379 p.
744 342 814 371 233.
839 358 881 362 —
903 340 1007 372 uincla
1031 342 1158 378 escaria,
1185 346 1202 372 i.
1223 355 1246 374 e.
1264 355 1404 375 escarum.

282 392 351 420 Haec
375 402 432 420 non
458 392 542 420 facile
568 392 663 429 rumpi
688 392 775 427 dicit3
800 393 963 423 {entissime
986 404 1058 430 esse,
1083 398 1171 434 atque
1191 397 1281 425 etiam
1301 400 1407 426 contra

283 446 370 480 atque
395 444 452 471 ana
476 443 602 478 vincula,
627 453 685 481 quo
716 445 810 480 magis
839 446 1052 481 extendantur,
1088 447 1107 475 i.
1132 457 1154 475 e.
1180 457 1239 484 quo
1264 448 1406 486 lz.rgiores

282 493 351 522 finni
378 494 489 532 epulae,
519 504 552 522 eo
577 495 670 531 magis
699 496 851 533 artiusque
874 496 1069 534 adstringere.
1123 494 1223 534 Quam
1245 497 1353 536 melfis,
1378 509 1404 527 v.

283 545 317 573 ad
342 545 422 574 Asin.
450 546 518 573 157.

368 597 416 624 96.
448 593 535 625 Nam
559 607 616 625 non
641 600 702 626 tam
726 598 871 626 rationem
895 597 980 626 affert
1005 609 1091 636 qutun
1117 600 1293 638 exemplum,
1317 611 1344 628 v.
1370 601 1406 629 ud

282 648 363 675 Asin.
392 648 459 676 122.
495 662 536 667 —·
569 644 664 683 hunc,
695 649 712 676 i.
738 658 762 677 e.
788 659 852 677 eum
877 650 927 686 qui
951 649 997 677 hic
1022 649 1146 679 habitat.
1204 650 1315 680 Ritsch.
1341 661 1404 680 cum

282 697 345 734 Pyl.
363 697 488 734 „nunc“,
505 709 562 736 quo
575 698 687 727 hiatum
708 700 736 728 in
756 709 866 728 caesura
880 701 988 736 evitet;
1013 700 1114 729 Muell.
1131 701 1227 737 „hunc
1246 702 1351 731 nunc“.
1365 717 1407 723 ——

282 747 356 786 quoi
373 750 418 778 ed.
439 761 494 788 pra,
521 749 620 787 Weiss„
645 749 775 787 Langen.
790 751 819 779 in
839 751 945 780 Philol.
959 751 1090 780 XXXIII
1108 763 1135 790 p.
1152 753 1227 789 7093
1251 750 1408 782 iudicatus

282 804 328 829 est
341 802 416 829 enim
431 801 628 837 adiudicatus,
649 801 795 838 addictus,
809 802 844 830 cf.
858 803 941 831 Asin.
956 803 1027 831 928.
1057 802 1114 831 Cic.
1130 813 1157 841 p.
1173 803 1278 833 Flacco
1296 806 1341 839 19,
1356 806 1406 834 45.

282 852 383 881 Senec.
408 852 478 880 Ben.
503 852 553 888 IV,
581 854 626 888 12,
653 854 680 882 2.
715 853 750 882 R.
774 857 804 882 et
826 854 892 882 Br.:
931 854 1115 889 „Quo....,
1141 855 1220 883 ultro
1245 854 1308 891 00⁴⁴,
1340 856 1406 884 coll.

282 903 373 932 Stich.
401 903 475 940 1453
517 904 570 933 sed
599 905 733 942 proxima
766 903 821 941 „ut
846 912 894 933 me
923 902 1059 934 uinciat“
1092 906 1251 935 ostendunt
1282 917 1346 935 eum
1376 917 1407 935 se

282 965 453 992 comparare
483 964 548 983 cum
572 956 622 990 iis,
659 956 709 993 qui
738 956 804 984 aeris
827 956 917 984 alieni
941 966 1028 985 cnusa
1052 957 1193 986 creditori
1217 957 1406 993 addicuntur,

281 1016 308 1034 v.
334 1006 422 1035 Poen.
458 1007 547 1035 1338.
595 1007 668 1036 Rud.
696 1008 772 1042 880;
807 1007 851 1036 his
885 1010 982 1036 autem
1018 1008 1158 1037 iudicium
1193 1018 1250 1038 non
1275 1012 1308 1038 ut
1341 1012 1408 1038 eant

282 1059 410 1096 inperat,
446 1057 497 1086 sed
531 1060 565 1086 ut
596 1058 754 1086 trahantur
781 1059 939 1096 permittit.
968 1073 1009 1078 —
1039 1060 1088 1088 98.
1123 1056 1204 1088 alere
1235 1061 1332 1088 minus
1365 1064 1409 1089 est

281 1119 370 1146 quam
395 1106 526 1138 educare
548 1112 578 1137 et
599 1116 751 1146 reereare3
787 1110 860 1138 illud
889 1112 1074 1139 necessitatis
1103 1115 1164 1145 est,
1199 1112 1253 1140 hoc
1281 1113 1406 1141 necessi-

282 1162 338 1189 tati
368 1160 537 1189 adiunctam
566 1160 656 1189 habet
684 1161 899 1199 benignitatem
929 1164 960 1190 et
990 1172 1098 1190 curam.
1161 1162 1408 1192 Commemoravit

283 1212 396 1241 Nonius
425 1222 453 1250 p.
479 1213 556 1247 422,
592 1213 641 1250 qui
672 1213 760 1241 etiam
792 1223 827 1241 ex
856 1214 932 1241 Attii
956 1213 1147 1242 Andromeda
1170 1214 1269 1243 affert:
1311 1215 1407 1251 „Alui,

283 1264 423 1300 educaui3
459 1264 488 1292 id
513 1263 600 1292 facite
625 1266 658 1292 ut
680 1267 799 1301 gratum
823 1265 860 1292 sit
886 1262 980 1292 seni“.
1026 1264 1068 1294 Cf.
1095 1266 1171 1293 infra
1195 1267 1266 1294 890.
1291 1281 1332 1286 —
1357 1267 1406 1295 99.

282 1311 404 1346 mellus,
440 1315 458 1343 i.
483 1325 508 1343 e.
534 1325 634 1350 nemo,
670 1315 706 1343 cf.
732 1315 837 1353 Amph.
863 1316 933 1344 289.
989 1316 1055 1344 Aul.
1082 1318 1152 1345 490.
1206 1317 1309 1346 Bacch.
1337 1319 1406 1346 188.

284 1367 354 1395 253.
381 1367 452 1395 333.
473 1367 543 1395 541,
590 1366 674 1404 Cnpt.
697 1367 765 1395 154.
811 1366 902 1394 Mero.
920 1368 987 1396 168.
1009 1368 1078 1396 597.
1104 1369 1174 1396 885.
1217 1367 1321 1396 Pseud.
1336 1369 1406 1398 295.

284 1417 358 1445 Rud.
387 1418 476 1446 1240.
513 1416 603 1445 Stich.
628 1418 697 1448 106.
717 1419 789 1452 221,
814 1417 988 1454 et,‚ullum“
1004 1428 1058 1456 pro
1075 1417 1289 1457 „quemqnam“
1316 1419 1405 1448 Most.

285 1469 360 1504 699,
393 1469 544 1506 idemque,
575 1479 664 1506 quum
689 1469 767 1507 apud
790 1468 959 1498 Ciceronem
983 1471 1104 1507 eiusque
1129 1470 1256 1507 aequales
1280 1480 1337 1498 non
1363 1471 1406 1498 in-

283 1521 435 1555 veniatur,
471 1519 588 1549 Senecae
623 1521 806 1559 temporibus
836 1531 894 1549 non
923 1524 967 1549 est
997 1531 1105 1550 rarum.
1137 1536 1176 1540 —s
1209 1519 1405 1556 medicinam,

284 1582 350 1599 nam
376 1581 513 1599 recreare
539 1572 643 1600 medici
669 1575 720 1600 est.
748 1587 783 1591 —
814 1573 881 1601 100.
906 1568 968 1607 Ita,
994 1573 1070 1607 talis,
1097 1584 1122 1600 v.
1148 1572 1184 1600 nd
1209 1573 1314 1610 Amph.
1337 1574 1406 1601 571.

284 1637 324 1641 —
353 1629 439 1651 escae.
460 1629 640 1658 mammeae,
671 1624 728 1652 cibi
751 1624 887 1661 plurimi;
923 1624 971 1652 Br.
996 1624 1071 1652 conf.
1097 1624 1156 1652 Cic.
1181 1623 1261 1652 Fam.
1287 1623 1342 1658 IX,
1368 1624 1406 1652 26

285 1678 376 1702 extu:
414 1674 518 1710 „multi
543 1674 599 1703 cibi
624 1674 762 1712 hospes‘'·.
820 1675 890 1703 Hor.
916 1674 969 1704 od.
993 1675 1021 1710 1,
1047 1676 1100 1710 313,
1130 1676 1182 1704 13:
1222 1675 1324 1708 „multi
1352 1675 1407 1702 Da-

285 1725 368 1753 malis
398 1724 501 1753 meri“.
537 1740 578 1745 —
617 1727 684 1754 101.
728 1723 861 1755 Cerialis
892 1726 925 1754 R.
950 1727 1069 1764 scripsit
1100 1737 1134 1754 ex
1163 1725 1253 1754 Festo
1282 1736 1310 1764 p.
1337 1726 1407 1761 310,

285 1776 466 1814 eandemque
501 1777 623 1805 formam
659 1787 693 1805 ex
724 1777 821 1805 titulis
851 1777 1000 1805 inferioris
1030 1778 1126 1806 aetntis
1156 1776 1242 1805 affert
1271 1776 1406 1805 Corsseu.

284 1829 406 1865 Ausspr.
432 1828 445 1856 Ι
468 1838 496 1865 p.
522 1829 593 1856 302.
639 1828 776 1856 Cereales
800 1838 878 1857 cenae
902 1832 969 1856 sunt.
994 1829 1155 1866 opulentae,
1188 1838 1254 1856 nam
1278 1828 1406 1856 Cereali-

284 1880 349 1914 bus,
373 1880 450 1907 circa
474 1879 544 1908 Idus
569 1880 701 1917 Apriles,
735 1880 874 1914 Romani,
905 1881 1028 1908 maxime
1052 1880 1176 1918 plebeii,
1207 1881 1236 1907 in
1260 1880 1352 1907 vicem
1377 1889 1408 1907 se

286 1930 451 1959 invitabant
475 1934 504 1958 et
531 1930 740 1965 ‚‚1nutitm¹t0s“
767 1941 852 1959 ceuns
876 1931 971 1959 luntas
995 1931 1114 1966 dabant,
1148 1941 1173 1958 v.
1198 1930 1273 1959 Gell.
1299 1930 1406 1967 XVIII,

286 1983 312 2017 2,
329 1983 376 2010 11.
402 1997 440 2000 —
465 1989 588 2010 mensas
612 1982 720 2010 Festus
745 1983 761 2010 l.
778 1982 794 2010 1.
815 1997 854 2002 -
879 1979 1022 2015 exstruit,
1047 1982 1082 2010 cf.
1097 1982 1156 2010 Cic.
1172 1982 1199 2010 in
1220 1981 1277 2009 Pis.
1293 1982 1342 2011 27.
1357 1982 1406 2010 67.

284 2033 369 2061 Tusc-
402 2033 439 2070 V,
470 2034 526 2068 21,
558 2034 606 2062 62.
672 2033 765 2070 Vulgo
799 2031 978 2069 ,‚structor“‚
1015 2043 1040 2060 v.
1072 2032 1258 2070 Mai-quurdt.
1292 2032 1407 2060 Privat-

286 2083 405 2112 alterth.
431 2083 442 2112 1
472 2095 499 2122 p.
529 2085 597 2113 152.
656 2084 687 2112 V.
723 2085 780 2113 102
814 2081 950 2113 struices
978 2081 1176 2121 patinarias,
1214 2085 1232 2112 i.
1257 2094 1282 2111 e.
1311 2086 1407 2111 strues
