1596 2478
139 210 174 239 ΙΙ,
193 210 216 239 6,
237 209 336 234 54-63
651 205 757 231 Casina.
1220 204 1258 233 33

584 299 817 332 Cleostrata

137 357 221 396 Quid
247 357 305 388 tibi
330 357 436 387 istunc
461 355 561 386 tactio
586 354 655 385 est?

609 407 789 448 Olympio

693 461 775 499 Quia.
798 459 946 501 Iuppiter
968 459 1063 491 iussit
1087 469 1187 491 meus.
1209 468 1259 493 335

587 520 820 553 Cleostrata

142 579 213 610 Feri
239 578 366 610 malam.
391 581 426 609 ut
449 577 503 608 ille
529 576 678 608 deorsum
705 591 746 596 --

607 635 790 676 Olympio

694 688 787 725 Perii,
812 689 928 729 pugnis
952 687 1079 720 caedor.
1104 687 1260 728 Iuppiter.

580 748 819 790 Lysidamus

141 807 224 844 Quid
249 807 308 838 tibi
332 806 434 837 tactio
458 805 544 836 hunc
566 803 650 835 fuit?

605 861 804 894 Chalinus

704 917 787 955 Quia
811 917 907 948 iussit
930 915 1011 947 haec
1035 916 1115 947 Iuno
1141 927 1220 947 mea.

582 977 824 1018 Lysidamus

141 1034 338 1066 Patiundum
367 1037 430 1067 est.
465 1033 492 1064 si
523 1032 653 1073 quidem
688 1041 738 1063 me
773 1032 849 1062 uiuo
884 1040 954 1062 mea
989 1040 1070 1061 uxor
1103 1031 1266 1070 inperium

858 1084 998 1116 exhibet.

583 1145 826 1177 Cleostrata

141 1203 220 1234 Tam
245 1202 320 1233 huic
343 1201 431 1241 loqui
455 1201 553 1232 licere
577 1203 707 1241 oportet
731 1210 829 1240 quam
854 1200 918 1231 isti.

612 1268 798 1309 Olympio

984 1309 1048 1341 Cur
1072 1320 1166 1341 omen
1190 1310 1269 1342 mihi

149 1356 342 1398 Uituperat'?

588 1409 614 1440 L
622 1419 641 1450 y
651 1409 684 1440 si
695 1408 780 1439 dam
790 1419 809 1439 u
819 1420 834 1440 s

392 1464 489 1501 Malo,
514 1462 660 1499 Chaline,
683 1462 744 1494 tibi
768 1462 948 1494 cauendum
974 1472 1102 1493 censeo.
1222 1470 1273 1495 390

607 1504 806 1553 Chalinus

147 1579 306 1619 Temperi.
330 1582 504 1618 postquam
529 1580 756 1618 oppugnatum
782 1579 832 1607 est
858 1587 902 1608 os.

585 1636 831 1676 Lysidamus

887 1691 963 1731 Age,
989 1701 1079 1727 uxor,
1103 1699 1187 1721 nunc
1210 1690 1273 1720 iam

150 1747 251 1786 Sorti3
287 1757 344 1778 uos
368 1745 534 1778 aduortite
557 1746 710 1777 animum.
768 1745 850 1777 Prae
875 1749 963 1777 metu
987 1744 1044 1776 ubi
1068 1745 1128 1775 sim
1153 1744 1272 1776 nescio.

150 1801 243 1839 Perii,
267 1811 322 1832 eor
345 1800 512 1832 lienosum.
538 1800 662 1840 opinor,
687 1799 808 1838 habe03
831 1800 896 1830 iam
921 1798 1042 1830 dudum
1069 1798 1161 1835 salit3

150 1855 198 1888 De
220 1854 333 1886 labore
355 1857 472 1895 pectus
496 1853 616 1885 tundit.

236 1983 285 2008 385
305 1990 359 2016 qua
377 1981 402 2008 Β
484 1982 534 2007 33⁶5
554 1981 628 2007 Fieri
647 1981 667 2007 I
751 1989 859 2006 rursum
878 1979 929 2008 BI.
950 1989 1055 2006 sursum
1078 1979 1107 2005 E
1190 1979 1276 2005 cedor

151 2027 201 2051 357
221 2026 290 2050 tatio
310 2024 339 2050 E
432 2025 482 2050 338
500 2025 610 2057 imperii
629 2023 659 2050 E
751 2025 802 2050 389
821 2024 896 2057 loqui
916 2024 962 2057 qui
982 2022 1039 2048 BE
1136 2024 1172 2049 ist
1191 2030 1241 2048 cur
1262 2023 1278 2048 Ι

152 2068 203 2094 390
221 2068 245 2094 S.
265 2075 314 2094 om.
332 2067 352 2093 Ι
417 2068 464 2093 391
486 2067 628 2100 Temperii
648 2066 677 2093 E
754 2070 927 2100 opugnatum
946 2074 996 2092 nos
1018 2065 1045 2091 Ε
1127 2074 1197 2091 uxor
1215 2075 1231 2091 n
1245 2075 1275 2091 ea

153 2112 207 2136 ium
227 2118 301 2136 nunc
375 2110 424 2136 392
444 2110 549 2136 Sortite
568 2110 709 2136 adum-tite
730 2109 750 2135 I
825 2109 917 2143 praebe
937 2113 967 2134 tu
1044 2109 1094 2135 393
1116 2109 1231 2134 Peruior
1253 2108 1280 2133 E

240 2153 351 2186 opinior
369 2153 392 2185 Ι,
412 2153 532 2186 oppinor
549 2152 579 2178 E
657 2152 711 2178 iam
731 2153 785 2178 iam

1059 2207 1074 2231 3
