1596 2478
294 193 352 222 138
803 192 893 220 Plauti
1203 193 1249 225 1v,
1268 194 1292 226 2,
1311 193 1413 220 59-66

700 286 1002 327 Theopropides

865 340 906 371 Et
929 344 1102 382 postquam
1126 342 1196 372 eius
1220 341 1296 372 hinc
1320 344 1414 381 pater

292 391 341 423 Sit
365 391 530 432 profectus
554 402 700 433 peregre,
726 397 917 434 perpotasse
940 394 1080 426 adsiduo
1103 404 1141 426 ac
1155 420 1160 425 .
1175 419 1181 425 .
1197 420 1202 426 .
1218 420 1223 425 .
1238 394 1247 425 l
1261 419 1288 426 ..

291 444 361 476 Tuo
385 455 455 476 cum
482 446 612 477 domino
620 449 635 477 Ἢ

735 523 967 556 Phaniscus

498 576 566 608 Aio.

701 647 1012 689 Theopropides

530 700 639 739 Quid?
662 702 689 733 is
713 701 804 733 aedis
829 702 908 734 emit
930 702 1023 733 hasce
1047 702 1121 734 hinc
1145 703 1344 743 proxumas?
1362 711 1414 737 960

740 777 964 810 Phaniscus

292 829 363 861 Non
390 831 452 862 aio.

703 890 1009 932 Theopropides

429 942 657 984 Quadraginta
680 945 779 976 etiam
803 945 894 977 dedit
917 945 1001 983 huic,
1026 956 1110 986 quae
1134 950 1244 978 essent
1266 947 1413 987 pignori?

741 1022 764 1053 P
772 1021 794 1053 h
802 1032 848 1053 an
856 1022 866 1053 i
874 1032 889 1053 s
897 1031 942 1054 eu
950 1032 966 1054 s

293 1071 408 1113 Neque
431 1073 518 1105 istud
543 1075 604 1106 aio.

701 1145 1013 1187 Theopropides

602 1199 648 1237 Ei,
672 1199 790 1240 perdis.

742 1276 964 1309 Phaniseus

774 1330 875 1362 Immo
899 1342 994 1363 suum
1017 1336 1146 1372 patrem
1170 1332 1237 1363 illic
1261 1331 1413 1372 perdidit.

702 1407 1012 1449 Theopropides

294 1458 381 1491 Uera
406 1464 530 1492 cantas.

740 1520 964 1554 Phaniscus

573 1574 666 1606 Uana
689 1574 817 1606 uellem.
864 1574 972 1606 Patris
997 1575 1121 1606 amicus
1145 1575 1322 1606 uidelicet?

702 1645 1007 1686 Theopropides

293 1699 341 1730 Eu
365 1699 481 1739 edepol
507 1703 631 1740 patrem
656 1710 729 1731 eum
754 1701 786 1731 tu
810 1700 963 1731 miserum
988 1699 1170 1740 praedicas.

740 1770 968 1802 Phaniscus

1007 1823 1094 1855 Nihil
1119 1824 1180 1855 hoc
1203 1823 1333 1863 quidem
1357 1827 1415 1858 est.

293 1878 441 1917 Triginta
465 1879 580 1916 minae,
603 1889 682 1919 prae
706 1889 803 1918 quau]
829 1877 910 1909 alios
935 1877 1073 1918 dapsilis
1092 1882 1240 1918 sumptus
1258 1877 1345 1909 facit.
1365 1886 1415 1911 965

361 1999 412 2023 958
431 2000 457 2022 vt
475 2005 525 2023 om.
545 1997 570 2022 B
640 1997 703 2022 huic
724 1996 747 2023 0
815 1997 865 2022 959
884 1996 994 2022 atsiduo
1017 1996 1041 2022 B
1111 2005 1142 2022 nc
1156 2016 1159 2020 .
1175 2018 1178 2021 .
1193 1995 1251 2022 ..1.
1265 2016 1268 2019 Δ
1281 2014 1286 2019 .
1297 2003 1348 2021 om.
1367 1995 1419 2021 Bc

293 2041 344 2065 960
363 2041 419 2065 alio
491 2040 538 2065 has
558 2039 622 2065 hinc
642 2040 674 2066 A.
696 2040 739 2065 hic
759 2039 809 2065 BC
866 2040 912 2064 961
936 2039 999 2071 agio
1020 2038 1046 2064 B
1114 2038 1191 2064 dedit
1208 2038 1263 2063 alio
1283 2037 1374 2071 quid?
1394 2038 1416 2064 C

362 2082 415 2107 huc
434 2091 504 2114 qua(-
524 2086 565 2108 est
584 2081 635 2108 BC
708 2082 758 2108 962
777 2081 845 2107 illud
867 2080 892 2106 B
970 2082 1025 2107 iuio
1046 2081 1068 2107 G
1134 2082 1183 2106 964
1202 2088 1292 2106 meum
1312 2080 1338 2106 Β

293 2128 322 2151 tu
342 2133 385 2151 om
453 2126 504 2150 965
523 2128 717 2157 praeterquam
789 2123 932 2156 dapsiliies
