<?xml version="1.0" encoding="UTF-8"?>
<!DOCTYPE html PUBLIC "-//W3C//DTD XHTML 1.0 Transitional//EN"
    "http://www.w3.org/TR/xhtml1/DTD/xhtml1-transitional.dtd">
<html xmlns="http://www.w3.org/1999/xhtml" xml:lang="en" lang="en">
 <head>
  <title>
</title>
<meta http-equiv="Content-Type" content="text/html;charset=utf-8" />
  <meta name='ocr-system' content='tesseract 3.04.00' />
  <meta name='ocr-capabilities' content='ocr_page ocr_carea ocr_par ocr_line ocrx_word'/>
</head>
<body>
  <div class='ocr_page' id='page_1' title='image "./comoediaerecensu03plauuoft_0244.png"; bbox 0 0 1596 2478; ppageno 0'>
   <div class='ocr_carea' id='block_1_1' title="bbox 279 176 1400 206">
    <p class='ocr_par' dir='ltr' id='par_1_1' title="bbox 279 176 1400 206">
     <span class='ocr_line' id='line_1_1' title="bbox 279 176 1400 206; baseline -0.004 0"><span class='ocrx_word' id='word_1_1' title='bbox 279 178 318 206; x_wconf 77' lang='lat'><strong>26</strong></span> <span class='ocrx_word' id='word_1_2' title='bbox 791 176 882 202; x_wconf 75' lang='lat' dir='ltr'><strong>Plauti</strong></span> <span class='ocrx_word' id='word_1_3' title='bbox 1204 176 1236 206; x_wconf 80' lang='lat'><strong>11,</strong></span> <span class='ocrx_word' id='word_1_4' title='bbox 1255 178 1280 205; x_wconf 79' lang='lat'><strong>2.</strong></span> <span class='ocrx_word' id='word_1_5' title='bbox 1299 176 1400 202; x_wconf 79' lang='lat'>81-93</span> 
     </span>
    </p>
   </div>
   <div class='ocr_carea' id='block_1_2' title="bbox 280 270 1406 1950">
    <p class='ocr_par' dir='ltr' id='par_1_2' title="bbox 280 270 1406 1950">
     <span class='ocr_line' id='line_1_2' title="bbox 715 270 965 311; baseline 0.008 -10"><span class='ocrx_word' id='word_1_6' title='bbox 715 270 965 311; x_wconf 82' lang='lat' dir='ltr'>Periphanes</span> 
     </span>
     <span class='ocr_line' id='line_1_3' title="bbox 280 324 1280 366; baseline -0.001 -11"><span class='ocrx_word' id='word_1_7' title='bbox 280 325 426 355; x_wconf 77' lang='lat' dir='ltr'><strong>Gratiam</strong></span> <span class='ocrx_word' id='word_1_8' title='bbox 453 324 568 355; x_wconf 85' lang='lat' dir='ltr'><strong>habeo.</strong></span> <span class='ocrx_word' id='word_1_9' title='bbox 614 324 680 354; x_wconf 75' lang='lat' dir='ltr'><strong>Fac</strong></span> <span class='ocrx_word' id='word_1_10' title='bbox 704 325 882 364; x_wconf 77' lang='lat' dir='ltr'><strong>participes</strong></span> <span class='ocrx_word' id='word_1_11' title='bbox 906 335 964 356; x_wconf 87' lang='lat' dir='ltr'><strong>nos</strong></span> <span class='ocrx_word' id='word_1_12' title='bbox 989 329 1065 356; x_wconf 80' lang='lat' dir='ltr'><strong>tuae</strong></span> <span class='ocrx_word' id='word_1_13' title='bbox 1089 325 1280 366; x_wconf 81' lang='lat' dir='ltr'><strong>sapientiae.</strong></span> 
     </span>
     <span class='ocr_line' id='line_1_4' title="bbox 741 386 935 427; baseline 0 -10"><span class='ocrx_word' id='word_1_14' title='bbox 741 386 935 427; x_wconf 84' lang='lat' dir='ltr'><strong>Epidicus</strong></span> 
     </span>
     <span class='ocr_line' id='line_1_5' title="bbox 280 440 1336 480; baseline -0.001 -9"><span class='ocrx_word' id='word_1_15' title='bbox 280 440 441 471; x_wconf 81' lang='lat' dir='ltr'><strong>Continuo</strong></span> <span class='ocrx_word' id='word_1_16' title='bbox 465 440 644 471; x_wconf 80' lang='lat' dir='ltr'><strong>arbitretur</strong></span> <span class='ocrx_word' id='word_1_17' title='bbox 668 451 748 470; x_wconf 84' lang='lat' dir='ltr'><strong>uxor</strong></span> <span class='ocrx_word' id='word_1_18' title='bbox 771 442 826 470; x_wconf 89' lang='lat' dir='ltr'><strong>tuo</strong></span> <span class='ocrx_word' id='word_1_19' title='bbox 850 444 966 480; x_wconf 80' lang='lat' dir='ltr'><strong>gnato,</strong></span> <span class='ocrx_word' id='word_1_20' title='bbox 990 443 1090 480; x_wconf 81' lang='lat' dir='ltr'><strong>atque</strong></span> <span class='ocrx_word' id='word_1_21' title='bbox 1115 443 1151 471; x_wconf 78' lang='lat' dir='ltr'><strong>ul:</strong></span> <span class='ocrx_word' id='word_1_22' title='bbox 1175 440 1336 471; x_wconf 85' lang='lat' dir='ltr'><strong>fidicinam</strong></span> 
     </span>
     <span class='ocr_line' id='line_1_6' title="bbox 282 493 1344 535; baseline 0 -11"><span class='ocrx_word' id='word_1_23' title='bbox 282 495 384 530; x_wconf 79' lang='lat' dir='ltr'><strong>Illam,</strong></span> <span class='ocrx_word' id='word_1_24' title='bbox 409 504 505 533; x_wconf 75' lang='lat' dir='ltr'><strong>quain</strong></span> <span class='ocrx_word' id='word_1_25' title='bbox 529 494 557 524; x_wconf 86' lang='lat' dir='ltr'><strong>is</strong></span> <span class='ocrx_word' id='word_1_26' title='bbox 582 493 651 524; x_wconf 77' lang='lat' dir='ltr'><strong>uolt</strong></span> <span class='ocrx_word' id='word_1_27' title='bbox 675 493 824 530; x_wconf 74' lang='lat' dir='ltr'><strong>liberare,</strong></span> <span class='ocrx_word' id='word_1_28' title='bbox 849 504 932 534; x_wconf 87' lang='lat' dir='ltr'><strong>quae</strong></span> <span class='ocrx_word' id='word_1_29' title='bbox 956 493 1046 525; x_wconf 89' lang='lat' dir='ltr'><strong>illum</strong></span> <span class='ocrx_word' id='word_1_30' title='bbox 1071 495 1252 535; x_wconf 81' lang='lat' dir='ltr'><strong>corrumpit</strong></span> <span class='ocrx_word' id='word_1_31' title='bbox 1274 493 1344 530; x_wconf 80' lang='lat' dir='ltr'><strong>tibi,</strong></span> 
     </span>
     <span class='ocr_line' id='line_1_7' title="bbox 281 547 1404 586; baseline 0.002 -8"><span class='ocrx_word' id='word_1_32' title='bbox 281 547 465 584; x_wconf 83' lang='lat' dir='ltr'><strong>Ulciscare,</strong></span> <span class='ocrx_word' id='word_1_33' title='bbox 489 550 586 586; x_wconf 80' lang='lat' dir='ltr'><strong>atque</strong></span> <span class='ocrx_word' id='word_1_34' title='bbox 607 548 654 578; x_wconf 84' lang='lat' dir='ltr'><strong>ita</strong></span> <span class='ocrx_word' id='word_1_35' title='bbox 671 549 812 584; x_wconf 69' lang='lat' dir='ltr'><strong>curetur,</strong></span> <span class='ocrx_word' id='word_1_36' title='bbox 826 557 929 586; x_wconf 84' lang='lat' dir='ltr'><strong>usque</strong></span> <span class='ocrx_word' id='word_1_37' title='bbox 948 548 989 579; x_wconf 87' lang='lat' dir='ltr'><strong>ad</strong></span> <span class='ocrx_word' id='word_1_38' title='bbox 1004 552 1139 579; x_wconf 85' lang='lat' dir='ltr'><strong>mortem</strong></span> <span class='ocrx_word' id='word_1_39' title='bbox 1153 552 1189 579; x_wconf 80' lang='lat' dir='ltr'><strong>ut</strong></span> <span class='ocrx_word' id='word_1_40' title='bbox 1201 548 1333 579; x_wconf 80' lang='lat' dir='ltr'><strong>seruiat.</strong></span> <span class='ocrx_word' id='word_1_41' title='bbox 1352 556 1404 581; x_wconf 82' lang='lat'><strong>270</strong></span> 
     </span>
     <span class='ocr_line' id='line_1_8' title="bbox 722 609 953 649; baseline 0.004 -9"><span class='ocrx_word' id='word_1_42' title='bbox 722 609 953 649; x_wconf 76' lang='lat' dir='ltr'><strong>Apoecides</strong></span> 
     </span>
     <span class='ocr_line' id='line_1_9' title="bbox 280 663 527 703; baseline 0.004 -9"><span class='ocrx_word' id='word_1_43' title='bbox 280 663 365 694; x_wconf 86' lang='lat' dir='ltr'><strong>Fieri</strong></span> <span class='ocrx_word' id='word_1_44' title='bbox 390 666 527 703; x_wconf 83' lang='lat' dir='ltr'><strong>oportet.</strong></span> 
     </span>
     <span class='ocr_line' id='line_1_10' title="bbox 712 716 965 757; baseline 0 -9"><span class='ocrx_word' id='word_1_45' title='bbox 712 716 965 757; x_wconf 72' lang='lat' dir='ltr'><strong>Periphanes</strong></span> 
     </span>
     <span class='ocr_line' id='line_1_11' title="bbox 551 771 1325 811; baseline 0.003 -10"><span class='ocrx_word' id='word_1_46' title='bbox 551 771 670 802; x_wconf 82' lang='lat' dir='ltr'><strong>Facere</strong></span> <span class='ocrx_word' id='word_1_47' title='bbox 695 771 790 811; x_wconf 89' lang='lat' dir='ltr'><strong>cupio</strong></span> <span class='ocrx_word' id='word_1_48' title='bbox 815 771 956 811; x_wconf 84' lang='lat' dir='ltr'><strong>quiduis,</strong></span> <span class='ocrx_word' id='word_1_49' title='bbox 981 771 1058 802; x_wconf 85' lang='lat' dir='ltr'><strong>dum</strong></span> <span class='ocrx_word' id='word_1_50' title='bbox 1083 772 1115 803; x_wconf 92' lang='lat' dir='ltr'><strong>id</strong></span> <span class='ocrx_word' id='word_1_51' title='bbox 1139 772 1197 803; x_wconf 78' lang='lat' dir='ltr'><strong>fiat</strong></span> <span class='ocrx_word' id='word_1_52' title='bbox 1222 772 1325 803; x_wconf 88' lang='lat' dir='ltr'><strong>modo.</strong></span> 
     </span>
     <span class='ocr_line' id='line_1_12' title="bbox 742 833 936 873; baseline 0 -9"><span class='ocrx_word' id='word_1_53' title='bbox 742 833 936 873; x_wconf 85' lang='lat' dir='ltr'><strong>Epidicus</strong></span> 
     </span>
     <span class='ocr_line' id='line_1_13' title="bbox 1335 877 1403 915; baseline 0 -7"><span class='ocrx_word' id='word_1_54' title='bbox 1335 877 1403 915; x_wconf 87' lang='lat' dir='ltr'><strong>Em,</strong></span> 
     </span>
     <span class='ocr_line' id='line_1_14' title="bbox 281 929 1337 970; baseline 0.001 -9"><span class='ocrx_word' id='word_1_55' title='bbox 281 930 372 961; x_wconf 88' lang='lat' dir='ltr'><strong>Nunc</strong></span> <span class='ocrx_word' id='word_1_56' title='bbox 397 930 561 961; x_wconf 81' lang='lat' dir='ltr'><strong>occasiost</strong></span> <span class='ocrx_word' id='word_1_57' title='bbox 585 929 740 967; x_wconf 78' lang='lat' dir='ltr'><strong>faciundi,</strong></span> <span class='ocrx_word' id='word_1_58' title='bbox 765 930 854 970; x_wconf 85' lang='lat' dir='ltr'><strong>prius</strong></span> <span class='ocrx_word' id='word_1_59' title='bbox 880 940 976 970; x_wconf 86' lang='lat' dir='ltr'><strong>quam</strong></span> <span class='ocrx_word' id='word_1_60' title='bbox 1001 930 1033 960; x_wconf 92' lang='lat' dir='ltr'><strong>in</strong></span> <span class='ocrx_word' id='word_1_61' title='bbox 1059 930 1171 961; x_wconf 85' lang='lat' dir='ltr'><strong>urbem</strong></span> <span class='ocrx_word' id='word_1_62' title='bbox 1195 931 1337 969; x_wconf 83' lang='lat' dir='ltr'><strong>aduenit,</strong></span> 
     </span>
     <span class='ocr_line' id='line_1_15' title="bbox 280 983 1038 1022; baseline -0.001 -7"><span class='ocrx_word' id='word_1_63' title='bbox 280 984 371 1016; x_wconf 79' lang='lat' dir='ltr'><strong>Sicut</strong></span> <span class='ocrx_word' id='word_1_64' title='bbox 394 994 466 1015; x_wconf 83' lang='lat' dir='ltr'><strong>cras</strong></span> <span class='ocrx_word' id='word_1_65' title='bbox 490 983 542 1014; x_wconf 87' lang='lat' dir='ltr'><strong>hic</strong></span> <span class='ocrx_word' id='word_1_66' title='bbox 566 984 687 1022; x_wconf 78' lang='lat' dir='ltr'><strong>ade1·it;</strong></span> <span class='ocrx_word' id='word_1_67' title='bbox 711 983 806 1014; x_wconf 87' lang='lat' dir='ltr'><strong>hodie</strong></span> <span class='ocrx_word' id='word_1_68' title='bbox 832 993 893 1014; x_wconf 91' lang='lat' dir='ltr'><strong>non</strong></span> <span class='ocrx_word' id='word_1_69' title='bbox 920 984 1038 1015; x_wconf 87' lang='lat' dir='ltr'><strong>ueniet..</strong></span> 
     </span>
     <span class='ocr_line' id='line_1_16' title="bbox 714 1042 967 1083; baseline 0.008 -10"><span class='ocrx_word' id='word_1_70' title='bbox 714 1042 967 1083; x_wconf 81' lang='lat' dir='ltr'><strong>Periphanes</strong></span> 
     </span>
     <span class='ocr_line' id='line_1_17' title="bbox 1092 1097 1262 1134; baseline 0.006 -6"><span class='ocrx_word' id='word_1_71' title='bbox 1092 1097 1153 1134; x_wconf 88' lang='lat' dir='ltr'><strong>Qui</strong></span> <span class='ocrx_word' id='word_1_72' title='bbox 1177 1099 1262 1129; x_wconf 72' lang='lat' dir='ltr'><strong>scis?</strong></span> 
     </span>
     <span class='ocr_line' id='line_1_18' title="bbox 742 1150 938 1191; baseline 0.005 -10"><span class='ocrx_word' id='word_1_73' title='bbox 742 1150 938 1191; x_wconf 82' lang='lat' dir='ltr'><strong>Epidicus</strong></span> 
     </span>
     <span class='ocr_line' id='line_1_19' title="bbox 1319 1194 1404 1232; baseline -0.012 -6"><span class='ocrx_word' id='word_1_74' title='bbox 1319 1194 1404 1232; x_wconf 84' lang='lat' dir='ltr'><strong>Scio,</strong></span> 
     </span>
     <span class='ocr_line' id='line_1_20' title="bbox 282 1247 1403 1287; baseline 0 -8"><span class='ocrx_word' id='word_1_75' title='bbox 282 1248 366 1285; x_wconf 83' lang='lat' dir='ltr'><strong>Quia</strong></span> <span class='ocrx_word' id='word_1_76' title='bbox 389 1248 467 1278; x_wconf 89' lang='lat' dir='ltr'><strong>mihi</strong></span> <span class='ocrx_word' id='word_1_77' title='bbox 491 1248 575 1279; x_wconf 83' lang='lat' dir='ltr'><strong>alius</strong></span> <span class='ocrx_word' id='word_1_78' title='bbox 600 1248 697 1285; x_wconf 80' lang='lat' dir='ltr'><strong>dixit,</strong></span> <span class='ocrx_word' id='word_1_79' title='bbox 724 1248 778 1287; x_wconf 89' lang='lat' dir='ltr'><strong>qui</strong></span> <span class='ocrx_word' id='word_1_80' title='bbox 803 1247 893 1278; x_wconf 88' lang='lat' dir='ltr'><strong>illinc</strong></span> <span class='ocrx_word' id='word_1_81' title='bbox 917 1248 1020 1286; x_wconf 83' lang='lat' dir='ltr'><strong>uenit,</strong></span> <span class='ocrx_word' id='word_1_82' title='bbox 1053 1257 1147 1278; x_wconf 85' lang='lat' dir='ltr'><strong>mane</strong></span> <span class='ocrx_word' id='word_1_83' title='bbox 1171 1247 1258 1278; x_wconf 89' lang='lat' dir='ltr'><strong>hunc</strong></span> <span class='ocrx_word' id='word_1_84' title='bbox 1281 1248 1403 1279; x_wconf 81' lang='lat' dir='ltr'><strong>adfore.</strong></span> 
     </span>
     <span class='ocr_line' id='line_1_21' title="bbox 719 1302 966 1342; baseline -0.004 -9"><span class='ocrx_word' id='word_1_85' title='bbox 719 1302 966 1342; x_wconf 76' lang='lat' dir='ltr'><strong>Periphanes</strong></span> 
     </span>
     <span class='ocr_line' id='line_1_22' title="bbox 282 1355 908 1398; baseline 0 -12"><span class='ocrx_word' id='word_1_86' title='bbox 282 1355 366 1393; x_wconf 85' lang='lat' dir='ltr'><strong>Quin</strong></span> <span class='ocrx_word' id='word_1_87' title='bbox 392 1360 427 1388; x_wconf 79' lang='lat' dir='ltr'><strong>tu</strong></span> <span class='ocrx_word' id='word_1_88' title='bbox 453 1358 616 1398; x_wconf 86' lang='lat' dir='ltr'><strong>eloquere,</strong></span> <span class='ocrx_word' id='word_1_89' title='bbox 641 1357 719 1397; x_wconf 88' lang='lat' dir='ltr'><strong>quid</strong></span> <span class='ocrx_word' id='word_1_90' title='bbox 743 1357 908 1388; x_wconf 77' lang='lat' dir='ltr'><strong>faciemus.</strong></span> 
     </span>
     <span class='ocr_line' id='line_1_23' title="bbox 745 1410 941 1451; baseline -0.005 -9"><span class='ocrx_word' id='word_1_91' title='bbox 745 1410 941 1451; x_wconf 86' lang='lat' dir='ltr'><strong>Epidicus</strong></span> 
     </span>
     <span class='ocr_line' id='line_1_24' title="bbox 921 1463 1406 1501; baseline 0.006 -7"><span class='ocrx_word' id='word_1_92' title='bbox 921 1464 974 1494; x_wconf 82' lang='lat' dir='ltr'><strong>Sic</strong></span> <span class='ocrx_word' id='word_1_93' title='bbox 999 1463 1185 1494; x_wconf 78' lang='lat' dir='ltr'><strong>faciundum</strong></span> <span class='ocrx_word' id='word_1_94' title='bbox 1209 1473 1336 1501; x_wconf 78' lang='lat' dir='ltr'><strong>censeo,</strong></span> <span class='ocrx_word' id='word_1_95' title='bbox 1355 1472 1406 1497; x_wconf 82' lang='lat'><strong>275</strong></span> 
     </span>
     <span class='ocr_line' id='line_1_25' title="bbox 283 1517 1197 1560; baseline 0 -12"><span class='ocrx_word' id='word_1_96' title='bbox 283 1517 382 1554; x_wconf 80' lang='lat' dir='ltr'><strong>Quasi</strong></span> <span class='ocrx_word' id='word_1_97' title='bbox 407 1522 441 1550; x_wconf 78' lang='lat' dir='ltr'><strong>tu</strong></span> <span class='ocrx_word' id='word_1_98' title='bbox 466 1520 580 1560; x_wconf 84' lang='lat' dir='ltr'><strong>cupias</strong></span> <span class='ocrx_word' id='word_1_99' title='bbox 604 1519 744 1551; x_wconf 82' lang='lat' dir='ltr'><strong>liberare</strong></span> <span class='ocrx_word' id='word_1_100' title='bbox 768 1518 933 1549; x_wconf 84' lang='lat' dir='ltr'><strong>fidicinam</strong></span> <span class='ocrx_word' id='word_1_101' title='bbox 957 1518 1056 1548; x_wconf 80' lang='lat' dir='ltr'><strong>aninii</strong></span> <span class='ocrx_word' id='word_1_102' title='bbox 1081 1518 1197 1556; x_wconf 78' lang='lat' dir='ltr'><strong>gratia,</strong></span> 
     </span>
     <span class='ocr_line' id='line_1_26' title="bbox 283 1571 981 1613; baseline -0.001 -10"><span class='ocrx_word' id='word_1_103' title='bbox 283 1572 450 1613; x_wconf 81' lang='lat' dir='ltr'><strong>Quasique</strong></span> <span class='ocrx_word' id='word_1_104' title='bbox 473 1585 562 1605; x_wconf 83' lang='lat' dir='ltr'><strong>ames</strong></span> <span class='ocrx_word' id='word_1_105' title='bbox 588 1574 799 1605; x_wconf 82' lang='lat' dir='ltr'><strong>uehementer</strong></span> <span class='ocrx_word' id='word_1_106' title='bbox 822 1575 857 1603; x_wconf 79' lang='lat' dir='ltr'><strong>tu</strong></span> <span class='ocrx_word' id='word_1_107' title='bbox 882 1571 981 1602; x_wconf 88' lang='lat' dir='ltr'><strong>illam.</strong></span> 
     </span>
     <span class='ocr_line' id='line_1_27' title="bbox 720 1632 968 1673; baseline -0.008 -9"><span class='ocrx_word' id='word_1_108' title='bbox 720 1632 968 1673; x_wconf 85' lang='lat' dir='ltr'><strong>Periphanes</strong></span> 
     </span>
     <span class='ocr_line' id='line_1_28' title="bbox 846 1685 1363 1724; baseline -0.002 -7"><span class='ocrx_word' id='word_1_109' title='bbox 846 1688 950 1724; x_wconf 84' lang='lat' dir='ltr'><strong>Quam</strong></span> <span class='ocrx_word' id='word_1_110' title='bbox 975 1685 1016 1716; x_wconf 89' lang='lat' dir='ltr'><strong>ad</strong></span> <span class='ocrx_word' id='word_1_111' title='bbox 1041 1696 1108 1716; x_wconf 84' lang='lat' dir='ltr'><strong>rem</strong></span> <span class='ocrx_word' id='word_1_112' title='bbox 1134 1685 1218 1716; x_wconf 76' lang='lat' dir='ltr'><strong>istuc</strong></span> <span class='ocrx_word' id='word_1_113' title='bbox 1242 1685 1363 1716; x_wconf 77' lang='lat' dir='ltr'><strong>refert?</strong></span> 
     </span>
     <span class='ocr_line' id='line_1_29' title="bbox 743 1745 942 1787; baseline -0.005 -10"><span class='ocrx_word' id='word_1_114' title='bbox 743 1745 942 1787; x_wconf 82' lang='lat' dir='ltr'><strong>Epidicus</strong></span> 
     </span>
     <span class='ocr_line' id='line_1_30' title="bbox 1276 1799 1405 1838; baseline -0.008 -9"><span class='ocrx_word' id='word_1_115' title='bbox 1276 1799 1405 1838; x_wconf 78' lang='lat' dir='ltr'><strong>Rogas?</strong></span> 
     </span>
     <span class='ocr_line' id='line_1_31' title="bbox 284 1852 1279 1896; baseline -0.002 -11"><span class='ocrx_word' id='word_1_116' title='bbox 284 1854 326 1885; x_wconf 76' lang='lat' dir='ltr'><strong>Ut</strong></span> <span class='ocrx_word' id='word_1_117' title='bbox 349 1857 433 1886; x_wconf 83' lang='lat' dir='ltr'><strong>enim</strong></span> <span class='ocrx_word' id='word_1_118' title='bbox 460 1856 642 1896; x_wconf 78' lang='lat' dir='ltr'><strong>praestines</strong></span> <span class='ocrx_word' id='word_1_119' title='bbox 666 1857 813 1894; x_wconf 81' lang='lat' dir='ltr'><strong>argento,</strong></span> <span class='ocrx_word' id='word_1_120' title='bbox 837 1853 1027 1894; x_wconf 83' lang='lat' dir='ltr'><strong>priusquam</strong></span> <span class='ocrx_word' id='word_1_121' title='bbox 1052 1853 1164 1884; x_wconf 79' lang='lat' dir='ltr'><strong>ueniat</strong></span> <span class='ocrx_word' id='word_1_122' title='bbox 1186 1852 1279 1883; x_wconf 80' lang='lat' dir='ltr'><strong>iilius.</strong></span> 
     </span>
     <span class='ocr_line' id='line_1_32' title="bbox 285 1907 1123 1950; baseline -0.005 -9"><span class='ocrx_word' id='word_1_123' title='bbox 285 1911 390 1950; x_wconf 81' lang='lat' dir='ltr'><strong>Atque</strong></span> <span class='ocrx_word' id='word_1_124' title='bbox 415 1913 450 1941; x_wconf 79' lang='lat' dir='ltr'><strong>ut</strong></span> <span class='ocrx_word' id='word_1_125' title='bbox 474 1921 544 1941; x_wconf 81' lang='lat' dir='ltr'><strong>can]</strong></span> <span class='ocrx_word' id='word_1_126' title='bbox 570 1914 600 1941; x_wconf 79' lang='lat' dir='ltr'><strong>te</strong></span> <span class='ocrx_word' id='word_1_127' title='bbox 624 1910 656 1940; x_wconf 91' lang='lat' dir='ltr'><strong>in</strong></span> <span class='ocrx_word' id='word_1_128' title='bbox 681 1909 867 1940; x_wconf 78' lang='lat' dir='ltr'><strong>libertatem</strong></span> <span class='ocrx_word' id='word_1_129' title='bbox 892 1907 981 1938; x_wconf 78' lang='lat' dir='ltr'><strong>dicas</strong></span> <span class='ocrx_word' id='word_1_130' title='bbox 1005 1916 1123 1938; x_wconf 85' lang='lat' dir='ltr'><strong>emere.</strong></span> 
     </span>
    </p>
   </div>
   <div class='ocr_carea' id='block_1_3' title="bbox 720 1967 1333 2047">
    <p class='ocr_par' dir='ltr' id='par_1_3' title="bbox 720 1967 1333 2047">
     <span class='ocr_line' id='line_1_33' title="bbox 720 1967 970 2008; baseline -0.012 -8"><span class='ocrx_word' id='word_1_131' title='bbox 720 1967 970 2008; x_wconf 83' lang='lat' dir='ltr'><strong>Periphanes</strong></span> 
     </span>
     <span class='ocr_line' id='line_1_34' title="bbox 1168 2007 1333 2047; baseline 0.006 -9"><span class='ocrx_word' id='word_1_132' title='bbox 1168 2007 1333 2047; x_wconf 83' lang='lat' dir='ltr'><strong>Intellego.</strong></span> 
     </span>
    </p>
   </div>
   <div class='ocr_carea' id='block_1_4' title="bbox 353 2109 1407 2140">
    <p class='ocr_par' dir='ltr' id='par_1_4' title="bbox 353 2109 1407 2140">
     <span class='ocr_line' id='line_1_35' title="bbox 353 2109 1407 2140; baseline -0.006 0"><span class='ocrx_word' id='word_1_133' title='bbox 353 2116 399 2140; x_wconf 82' lang='lat'><strong>271</strong></span> <span class='ocrx_word' id='word_1_134' title='bbox 425 2113 500 2139; x_wconf 83' lang='lat' dir='ltr'><strong>Hem.</strong></span> <span class='ocrx_word' id='word_1_135' title='bbox 573 2114 624 2139; x_wconf 76' lang='lat'><strong>273</strong></span> <span class='ocrx_word' id='word_1_136' title='bbox 644 2113 752 2138; x_wconf 80' lang='lat' dir='ltr'><strong>uenerit</strong></span> <span class='ocrx_word' id='word_1_137' title='bbox 826 2113 876 2137; x_wconf 79' lang='lat'><strong>275</strong></span> <span class='ocrx_word' id='word_1_138' title='bbox 894 2111 948 2137; x_wconf 83' lang='grc' dir='ltr'><strong>ΑΡ.</strong></span> <span class='ocrx_word' id='word_1_139' title='bbox 968 2110 1014 2136; x_wconf 86' lang='lat' dir='ltr'><strong>Sic</strong></span> <span class='ocrx_word' id='word_1_140' title='bbox 1083 2111 1201 2135; x_wconf 74' lang='lat'>278-84</span> <span class='ocrx_word' id='word_1_141' title='bbox 1219 2116 1266 2135; x_wconf 67' lang='lat' dir='ltr'><strong>sex</strong></span> <span class='ocrx_word' id='word_1_142' title='bbox 1283 2109 1407 2135; x_wconf 69' lang='lat' dir='ltr'><strong>versibus</strong></span> 
     </span>
    </p>
   </div>
   <div class='ocr_carea' id='block_1_5' title="bbox 1542 0 1596 2478">
    <p class='ocr_par' dir='ltr' id='par_1_5' title="bbox 1542 0 1596 2478">
     <span class='ocr_line' id='line_1_36' title="bbox 1542 0 1596 2478; baseline 0 0"><span class='ocrx_word' id='word_1_143' title='bbox 1542 0 1596 2478; x_wconf 95' lang='lat' dir='ltr'><strong> </strong></span> 
     </span>
    </p>
   </div>
  </div>
 </body>
</html>
