1561 2473
621 198 652 225 V.
671 199 815 225 287-347.
1220 202 1281 231 407

159 295 243 324 dixit.
300 294 410 324 Ritsch.
439 293 602 332 „nequnm“
629 278 800 331 substituit,
837 295 916 333 quod
946 296 1008 324 siue
1031 295 1217 324 substantivo
1241 297 1283 324 sic

158 357 217 374 non
241 346 402 381 diceretur;
433 346 584 383 equidem:
615 343 682 375 CY.
708 343 831 375 Dicam.
859 362 894 366 —-
922 348 992 376 316.
1017 353 1131 384 opsono
1155 347 1281 385 primam

159 398 300 434 corripit,
336 399 378 425 ut·
400 397 505 425 Bacch.
538 398 587 426 95.
634 397 682 425 R.:
722 397 846 432 „Tribus
881 400 1087 435 opsonatumst
1121 406 1157 425 an
1193 399 1281 425 etiam

158 457 271 485 opsono
301 446 457 485 nmplius“.
516 447 558 475 Do
589 447 778 476 distinctione
802 458 828 477 v.
854 448 977 478 Vahlen.
1002 448 1064 477 Ind.
1090 448 1157 476 lect.
1183 447 1281 477 Bet-ol.

161 499 240 527 1880
264 509 293 536 p.
323 500 368 527 12.
399 513 439 518 —-
471 500 540 527 317.
575 497 643 534 „tu“
671 499 728 527 del.
754 499 816 537 Pyl.
847 515 886 519 —
923 500 993 528 318.
1032 496 1122 536 Quod
1145 498 1172 528 te
1194 498 1285 537 urget

157 546 280 578 scelus?
316 551 350 578 cf.
376 550 438 578 Mil.
465 550 540 578 332:
579 550 668 585 „Quae
692 552 720 578 te
744 550 856 579 scelera
877 549 1064 579 suscitant?“
1097 550 1184 579 Most.
1211 551 1281 579 507.

157 615 197 619 —-
229 601 299 630 321.
329 600 523 629 Messenionis
553 610 616 629 esse
645 601 720 629 vidit
744 601 846 637 Ribb.;
881 603 970 638 vulgo
995 602 1176 630 Menaechmo
1200 602 1282 630 dant.

157 665 198 671 —
222 652 292 680 322.
327 658 412 689 erqo,
442 653 581 689 quoniam
605 662 664 681 nou
687 652 775 690 plura.
798 663 842 681 me
868 653 949 682 iubes
973 654 1122 691 opsonuri.
1169 653 1281 682 Ritsch.

157 705 187 731 et
209 703 257 731 ΒΓ.
281 713 346 731 cum
370 703 517 731 Acidalio:
548 702 654 739 ‚,eg0“.
680 718 720 723 —
751 701 927 739 madebunt,
960 704 994 733 cf.
1022 705 1091 733 210.
1116 719 1156 724 —
1179 712 1282 734 mora-

156 751 241 782 bitur
264 755 314 782 alii
338 755 455 791 passive
485 755 649 793 accipiunt,
684 755 781 783 active
811 755 942 791 Langen.
974 756 1068 784 Beitr.
1092 765 1121 793 p.
1149 757 1216 784 177.
1241 771 1282 775 —

158 805 227 833 323.
253 802 386 842 lorlyius,
408 806 543 833 ultimam
567 805 715 843 producit,
741 816 767 835 v.
793 806 910 843 Proleg.
935 817 964 844 p.
993 808 1060 842 197,
1085 808 1109 835 si
1133 808 1283 845 scriptura

155 865 239 891 νει-εις
265 856 316 884 sed
340 856 459 884 videtur
482 856 571 885 fuisse
596 853 633 885 ab
657 854 707 885 his
731 854 868 885 aedibus.
914 857 995 886 Idem
1016 857 1152 886 Mueller.
1177 859 1282 895 voluit,

155 907 238 936 Pros.
263 918 291 945 p.
318 908 366 936 56.
396 922 437 926 —
468 908 537 936 324.
569 905 658 937 Num
683 906 759 945 quid
782 906 867 945 uis?,
900 919 926 937 v.
951 909 989 937 ad
1012 909 1118 946 Amph.
1146 910 1215 937 538.
1244 924 1280 928 -—

154 965 334 987 maxumam
354 955 468 987 malam
488 966 617 988 crucem.
664 959 698 988 R.
717 969 783 988 cum
802 960 847 988 ed.
861 970 905 998 pr.
922 970 1107 996 „maxumam
1126 961 1155 988 in
1177 971 1213 988 m.
1227 958 1282 996 c.“‚

154 1019 181 1038 v.
206 1010 242 1038 ad
267 1009 350 1048 Capt.
375 1010 446 1038 468.
484 1025 520 1029 —
559 1009 630 1039 325.
664 1008 745 1039 intro
770 1011 816 1039 ed.
842 1021 902 1050 pin,
939 1009 1024 1040 intro
1054 1009 1119 1040 iam
1142 1011 1195 1046 R.,
1231 1013 1283 1049 qui

154 1063 298 1098 praeterea
316 1064 430 1090 mutato
449 1061 568 1090 ordine:
594 1062 654 1098 „Te
674 1062 716 1090 ire
734 1062 832 1090 hercle
852 1061 1002 1091 meliust“.
1016 1077 1056 1082 --
1077 1063 1147 1091 326.
1171 1058 1283 1092 Iamne

155 1109 257 1140 abiit?
281 1109 367 1141 abiit.
402 1112 549 1141 Gruterus
568 1123 633 1148 ειη,
659 1113 738 1150 quod
759 1114 801 1142 ita
819 1113 952 1151 probavi,
976 1116 1010 1142 ut
1028 1114 1153 1142 alterum
1170 1112 1279 1149 „abiit“

154 1162 333 1192 Messenioni
357 1163 527 1192 tribuerem.
552 1179 594 1183 —
619 1165 678 1192 330
704 1173 758 1192 em.
778 1163 906 1202 Lipsius.
932 1179 966 1184 —
994 1164 1062 1193 334.
1082 1161 1210 1194 mirum.
1246 1165 1279 1194 R.

157 1212 342 1249 „mirumst“‚
373 1214 425 1243 sed
449 1215 508 1244 vid.
533 1215 571 1243 ad
594 1215 702 1252 Amph.
729 1216 799 1244 590.
829 1230 870 1235 -
904 1217 973 1244 336.
1010 1213 1049 1245 Si
1072 1223 1150 1253 quae
1174 1217 1282 1255 Kamp-

153 1275 259 1294 manno
284 1265 358 1294 duce
382 1266 416 1295 R.
441 1282 481 1285 —
507 1267 577 1295 337.
601 1263 756 1303 Royita'nb
779 1266 800 1294 C
824 1269 854 1295 et
877 1267 1019 1295 Priscian.
1038 1267 1122 1295 XVII
1139 1278 1168 1305 p.
1191 1269 1281 1304 1047,

153 1317 204 1354 qui
234 1314 373 1353 quoiatis
402 1318 616 1346 nominativum
641 1327 704 1346 esse
729 1317 814 1352 dicit,
847 1320 880 1346 ut
903 1317 993 1346 Poen.
1019 1319 1095 1346 990:
1135 1319 1208 1354 „Qui
1232 1320 1280 1355 sit,

153 1368 291 1405 quoiatis‚
315 1368 394 1396 unde
417 1367 487 1397 sit.“.
533 1369 668 1397 Transiri
691 1371 792 1407 potest
815 1379 832 1397 a
855 1370 925 1397 navi
949 1369 986 1397 ad
1011 1369 1163 1397 dominum
1187 1372 1280 1399 navis.

153 1434 194 1438 —
217 1416 305 1457 quid,
331 1430 357 1448 v.
383 1420 421 1448 ad
444 1420 551 1458 Amph.
578 1421 648 1449 360.
672 1434 715 1439 -
739 1421 810 1449 338.
835 1417 971 1449 Postilla
996 1420 1134 1449 Gulielm.
1165 1431 1219 1450 em.
1240 1435 1283 1440 —-

153 1467 354 1507 adylutmcmt
376 1471 422 1499 ed.
447 1481 501 1508 pn,
527 1471 562 1500 cf.
588 1470 660 1500 Cist.
686 1472 756 1500 481.
781 1486 821 1490 —
847 1472 917 1500 339.
935 1468 1099 1508 perditwm
1122 1470 1279 1509 amittunt,

153 1531 212 1551 non
237 1525 304 1550 ante
329 1522 491 1558 dimittunt,
520 1532 608 1560 quam
631 1523 731 1560 periit.
763 1536 802 1541 --
833 1523 903 1551 340.
935 1522 964 1551 Si
989 1533 1090 1552 versus
1114 1526 1194 1552 recte
1217 1526 1280 1552 tra-

153 1572 233 1602 ditus
257 1576 311 1609 est,
339 1572 461 1609 ,‚nauis“
487 1583 542 1612 pro
566 1584 624 1602 unu
647 1574 734 1610 longa
758 1574 932 1611 legendum3
968 1574 1021 1602 sed
1045 1575 1108 1602 iure
1133 1574 1282 1604 dubitavit

153 1624 290 1653 Mueller.
315 1625 398 1654 Pros.
424 1635 452 1663 p.
478 1626 548 1654 472.
606 1625 633 1653 Is
657 1626 733 1654 coni.
768 1625 870 1661 „Nunc
900 1626 929 1653 in
958 1628 1040 1654 statu
1069 1628 1128 1654 stat
1157 1625 1279 1662 nauis“;

153 1685 224 1712 ego:
260 1674 358 1705 Nunc
385 1673 488 1705 instat
507 1676 622 1713 portu,
658 1677 675 1705 i.
700 1687 724 1705 e.
749 1687 827 1705 nunc
861 1677 995 1705 imminet
1029 1678 1145 1714 portui,
1181 1677 1228 1706 vel
1256 1678 1281 1706 si

153 1728 237 1757 malis
263 1726 432 1765 „portum“‚
456 1731 490 1756 ut
514 1728 605 1756 Poeu.
630 1728 706 1756 917:
744 1730 879 1763 „tautum
904 1738 970 1756 eum
994 1729 1087 1756 instat
1111 1726 1214 1757 exiti“.
1240 1743 1281 1747 —-

155 1779 224 1807 345.
250 1775 408 1816 eqredz'tur
427 1778 472 1807 ed.
487 1789 532 1817 pr.
558 1793 594 1798 -
614 1779 684 1807 346.
709 1776 804 1808 sultis
827 1779 962 1816 Pylades.
977 1794 1018 1798 —
1037 1775 1168 1808 nauales
1184 1777 1281 1816 pedes

152 1830 279 1866 remiges
302 1830 444 1867 appellat,
469 1831 580 1868 quippe
598 1840 723 1868 quorum
742 1840 836 1868 opera
854 1840 943 1859 naves
962 1830 1112 1859 incedant.
1146 1831 1281 1859 Lucilius

155 1880 231 1916 VIII,
259 1882 295 1909 19
321 1890 417 1910 remos
440 1882 524 1911 navis
548 1881 673 1919 iligneos
697 1881 787 1919 podes
812 1881 893 1917 dicit,
917 1881 952 1910 cf.
978 1881 1053 1910 Non.
1078 1892 1106 1920 p.
1132 1882 1204 1910 461.

240 1932 311 1960 347.
335 1931 471 1961 Erotium
496 1933 565 1969 exit,
590 1936 624 1961 ut
648 1935 811 1960 amatorem
834 1933 915 1962 intro
938 1932 1037 1968 ducat,
1062 1943 1146 1970 quem
1170 1943 1280 1971 coquus

153 1982 254 2012 adesse
279 1984 420 2018 narravit,
456 1993 482 2011 v.
515 1983 586 2012 327.
644 1983 799 2012 Canticum
833 1984 1020 2021 anapaesticis
1054 1983 1115 2012 fero
1150 1985 1280 2012 numeris

153 2035 357 2072 compositum,
381 2034 433 2063 sed
457 2035 656 2064 admiscentur
674 2035 773 2063 iambi.
811 2034 929 2070 Versus,
953 2037 1072 2063 servata
1095 2045 1130 2063 ea
1153 2035 1280 2073 discrip—

152 2086 248 2121 tione,
280 2096 345 2123 quae
369 2086 398 2113 in
421 2086 445 2114 B
469 2089 528 2122 est,
558 2086 589 2114 hi
611 2088 694 2114 sunt:
732 2087 792 2114 347
818 2086 1015 2123 anapaesticus
1044 2085 1184 2121 dimeter,
1220 2087 1279 2115 348

153 2137 336 2175 compositus
361 2147 397 2165 ex
420 2140 564 2175 quattuor
586 2137 693 2166 iambis
718 2140 749 2165 et
771 2136 887 2166 duobus
905 2137 1074 2175 anapaestis,
1100 2138 1159 2166 349
1179 2137 1281 2165 dimet.
