1596 2478
172 812 390 868 Argumentum
420 832 526 859 fabulae
557 832 611 859 hoc
640 834 692 859 est.
757 831 971 868 Stratippocles
1002 830 1176 867 Periphanis
1204 831 1295 859 Athe-

173 882 282 910 niensis
306 882 384 910 filius
408 883 476 910 dum
500 882 613 910 militiae
638 892 726 910 causa
749 881 865 909 Thebas
884 880 1091 918 proficiscitur,
1115 882 1236 916 veritus,
1260 892 1296 909 ne

172 932 304 968 fidicina,
333 943 420 970 quam
444 933 577 967 amabat,
608 932 821 969 Acropolistis,
851 933 969 959 interim
999 931 1084 959 alteri
1115 932 1296 967 traderetur,

172 984 298 1022 Epidico
327 994 412 1012 servo
440 984 648 1018 mandaverat,
685 987 717 1011 ut
745 993 810 1010 eam
839 982 954 1010 absenti
983 982 1040 1010 sibi
1064 986 1184 1011 emeret.
1241 984 1296 1017 Qui

173 1045 265 1072 quum
288 1038 444 1070 argentum
468 1035 525 1068 nisi
548 1035 687 1063 fraudato
711 1044 779 1062 sene
803 1042 976 1070 comparare
1000 1043 1057 1061 nou
1081 1036 1189 1069 posset,
1216 1032 1297 1062 P'eri—

173 1086 262 1123 phani
286 1090 385 1113 nutem
415 1086 504 1113 sciret
532 1085 623 1114 filiam
654 1096 689 1113 ex
718 1085 877 1122 peregrina
900 1084 1023 1111 muliere
1047 1087 1213 1121 susceptam
1238 1085 1295 1113 iam

174 1137 303 1165 adultam
334 1146 398 1164 eum
429 1139 523 1164 matre
546 1136 656 1165 Thebis
686 1136 808 1171 degere,
842 1135 924 1162 illam
955 1135 982 1162 ei
1017 1136 1152 1163 narravit
1181 1138 1296 1172 captam

173 1197 236 1216 esse
259 1190 289 1215 et
311 1188 438 1223 triginta
455 1189 541 1216 minis
561 1187 667 1215 redimi
685 1196 782 1224 posse,
806 1195 900 1223 eoque
919 1188 1043 1222 argento
1063 1188 1184 1223 accepto
1203 1187 1296 1214 Acro-

173 1238 342 1276 polistidem
377 1239 403 1267 ei
438 1249 491 1277 pro
526 1238 586 1267 filia
619 1237 754 1266 tradidit.
810 1237 993 1266 Adulescens
1029 1239 1127 1265 autem
1162 1238 1192 1265 in
1221 1237 1298 1265 bello

174 1289 278 1318 absens
301 1290 388 1317 aliam
411 1290 556 1327 puellam,
586 1299 673 1326 quam
699 1290 777 1316 inter
800 1289 935 1325 captivas
959 1288 1044 1322 vidit,
1077 1298 1176 1316 amare
1200 1288 1297 1325 coepit,

176 1350 299 1378 eamque
328 1340 528 1377 quadraginta
557 1341 644 1368 minis
674 1341 758 1374 emit,
795 1349 868 1376 quas
898 1339 934 1366 ab
963 1339 1133 1375 argentario
1169 1339 1298 1375 quodam

174 1392 284 1421 faeuore
307 1392 443 1428 sumpsit.
500 1391 560 1419 Iam
592 1393 622 1419 in
653 1391 781 1427 patriam
811 1390 903 1417 redux
927 1390 957 1418 id
980 1399 1070 1417 unum
1094 1392 1194 1424 curat,
1224 1399 1298 1426 quo-

175 1443 262 1472 modo
286 1443 342 1471 hoc
365 1445 520 1479 argentum
544 1444 709 1479 comparet,
741 1445 771 1468 et
801 1451 891 1478 quum
922 1441 950 1468 in
975 1441 1075 1468 amicis
1099 1440 1172 1468 nihil
1195 1441 1299 1469 auxilii

175 1496 223 1530 sit,
258 1495 364 1522 iterum
395 1493 432 1522 ad
464 1493 619 1530 Epidicum
655 1492 814 1528 confugere
849 1493 974 1528 cogitur.
1031 1492 1059 1519 Is
1092 1501 1201 1520 novum
1236 1492 1298 1519 seni

175 1545 275 1573 dolum
303 1546 404 1573 struit.
459 1544 685 1572 Adulescentem
715 1546 817 1571 narrat
844 1543 994 1570 fidicinam
1024 1543 1153 1580 aliquam
1181 1542 1299 1580 perdite

175 1606 275 1624 amare
299 1599 337 1630 et,
362 1606 452 1633 quum
475 1596 602 1633 primum
627 1605 643 1623 a
666 1595 743 1622 bello
767 1595 901 1627 redierit,
929 1594 1056 1622 liberare
1081 1593 1166 1622 velle.
1213 1593 1299 1628 Quod

175 1658 211 1676 ne
234 1647 296 1682 fiat,
319 1648 381 1675 seui
404 1647 558 1675 consilium
577 1646 637 1681 dat,
662 1648 695 1674 ut
712 1646 793 1674 illam
812 1645 961 1673 fidicinam
980 1648 1048 1672 ante
1067 1645 1121 1672 filii
1139 1644 1299 1673 adventum

175 1699 233 1727 sibi
256 1702 333 1726 emat
356 1701 387 1726 et
409 1708 445 1726 ex
467 1700 549 1725 terra
573 1697 699 1733 ableget.
756 1697 817 1724 Nec
840 1706 930 1724 senex
954 1695 1073 1724 dubitat
1094 1696 1125 1723 in
1149 1705 1213 1723 eam
1237 1705 1298 1723 rem

174 1750 373 1787 qnadraginta
390 1749 438 1777 vel
455 1750 546 1777 etiam
565 1749 782 1786 quinquaginta
798 1749 892 1775 minas
905 1757 1037 1784 erogare,
1054 1756 1162 1784 easque
1174 1746 1300 1784 Epidico

175 1801 278 1835 tradit,
301 1800 441 1838 Apoecide
465 1801 558 1828 amico
581 1800 734 1828 consilium
759 1799 905 1836 probante
928 1801 957 1826 et
981 1799 1009 1825 in
1034 1797 1160 1826 emenda
1181 1797 1301 1826 fidicina

176 1852 346 1880 adiuvante.
398 1851 507 1879 Servus
529 1853 628 1879 autem
652 1861 708 1888 pro
731 1852 833 1887 empta
855 1850 944 1877 aliam
967 1850 1151 1877 meretricem
1175 1848 1300 1877 conduc-

176 1906 246 1938 tam,
280 1902 364 1939 quasi
394 1912 460 1939 quae
490 1902 641 1935 sacrificio,
662 1902 853 1939 praecineret,
887 1901 952 1928 seni
980 1899 1109 1928 adducit.
1166 1899 1301 1937 Utraque

176 1954 257 1982 fraus
290 1954 373 1981 brevi
407 1954 552 1991 aperitur.
620 1952 752 1980 Primum
792 1952 875 1979 miles
912 1951 1048 1988 quidam,
1089 1951 1140 1988 qui
1174 1954 1204 1979 et
1237 1952 1301 1987 ipse

176 2004 427 2042 Acropolistidem
461 2003 593 2040 amabat,
627 2003 821 2040 Periphanem
857 2002 933 2037 adit,
969 2004 1004 2030 ut
1032 2002 1176 2039 puellam,
1213 2012 1299 2039 quam

177 2065 241 2084 eum
271 2056 375 2084 emisse
404 2055 534 2090 audivit,
568 2055 704 2083 redimat.
762 2054 858 2082 Senex
889 2053 1064 2081 conductam
1094 2053 1176 2081 illam
1207 2063 1299 2080 mere-

177 2108 279 2135 tricem
303 2106 449 2144 postulari
478 2109 575 2141 ratus,
610 2116 674 2143 quae
705 2116 798 2142 nuper
824 2105 860 2132 ad
884 2115 914 2132 se
938 2105 1065 2132 deducta
1087 2107 1179 2136 esset,
1214 2104 1301 2131 laetus

1048 2159 1097 2185 16*
