1561 2473
687 215 719 242 V.
737 216 898 242 971—1012.
1296 215 1358 246 443

235 306 396 338 Periimus
418 311 536 339 lomi-iis
560 313 624 340 iure
647 312 751 340 tribuit
774 312 854 340 Cam.
914 307 1044 340 Obsecro
1072 310 1169 347 inquit
1192 309 1251 346 ille,
1275 310 1357 338 cuius

234 361 321 389 oculo
355 363 465 390 iniuria
501 363 578 390 facta
613 366 666 391 est.
702 377 743 382 —
783 360 865 399 Quid
892 369 940 390 ‘me
968 359 1058 390 uobis
1087 359 1232 389 tactiost?
1268 370 1294 388 v.
1321 360 1357 387 ad

235 412 339 450 Amph.
367 413 436 441 515.
475 427 512 431 —
549 414 618 442 998.
656 411 746 442 Pecte
763 411 898 449 puynis.
929 423 954 440 v.
980 412 1016 440 ad
1040 411 1125 450 Capt.
1151 412 1222 439 890.
1281 410 1357 439 Mes-

234 463 347 492 senioni
372 464 426 491 hoc
450 463 531 492 dicit.
569 479 607 483 -
644 466 714 494 999.
752 462 814 492 Em
838 463 1040 497 scribendum,
1064 473 1090 490 v.
1117 462 1151 490 ad
1177 462 1259 490 Asin.
1285 461 1355 489 428.

233 513 346 543 Ultimo
369 524 456 542 unam
482 519 591 552 praeter
614 520 728 544 ceteras
751 516 868 552 plagam
894 514 986 542 addit.

323 566 412 594 1000.
448 566 506 594 Pro
538 565 625 599 „aut“
659 566 704 594 ed.
728 576 773 604 pr.
805 564 936 600 ‚‚haud“,
965 565 1044 593 Cam.
1078 563 1234 599 „autem“;
1267 563 1356 592 Both.

233 615 353 645 delevit.
410 616 468 645 Pro
497 614 573 645 hora
602 627 704 646 omnes
733 617 798 645 edd.
834 618 936 651 ‚‚01·a‘',
971 616 1074 653 plagas
1106 616 1134 643 iu
1165 625 1197 644 os
1230 613 1358 643 inflictas

233 666 394 704 significari
417 670 575 704 putantos;
600 670 629 696 in
654 678 777 706 eamque
794 669 970 696 sententiam
989 667 1171 704 antiquiores
1189 670 1241 694 aut
1262 675 1358 700 „com-

233 717 383 746 mentaui“
409 723 460 746 aut
487 719 702 753 ,‚commutaui“
728 723 780 748 aut
806 716 1004 753 „carniinaui“
1032 718 1209 751 scribebant,
1238 716 1359 745 Brixius

233 768 415 798 commetaui
446 780 499 807 pro
528 775 722 799 commetatus
748 773 800 799 aut
823 780 1005 798 commensus
1029 779 1092 797 sum
1117 769 1229 796 dictum
1252 770 1357 805 putat3

233 830 286 849 ora
309 823 407 849 metiri
431 824 530 850 autem
555 831 607 850 orn.
630 823 762 860 plectere
781 824 909 850 enarrat.
956 821 1049 849 Immo
1072 821 1219 848 commeto
1238 824 1282 848 est
1301 820 1358 848 fre-

233 873 439 910 quentativum
464 874 661 908 commeandi,
691 878 720 901 et
750 872 838 901 eundi
870 873 917 900 vel
942 871 1152 908 congrediendi
1177 872 1234 898 vim
1260 871 1358 905 habet,
1375 890 1382 895 -

233 934 258 951 v.
283 924 320 951 ad
345 923 428 961 Capt.
458 925 525 952 185.
579 924 653 953 Hinc
682 925 818 962 sequitur
841 928 875 952 ut
898 920 978 951 bona
1001 920 1077 950 hora
1100 922 1286 951 scribendum
1310 923 1357 954 sit„

231 976 249 1003 i.
265 985 288 1003 e.
303 978 472 1012 opportuno
496 979 638 1013 tempore.
686 975 794 1004 Lector
819 975 926 1012 aliquis
951 975 1024 1002 male
1049 973 1158 1002 sciolus
1174 976 1243 1009 „aut
1262 971 1355 1001 bene“

234 1027 458 1063 suprascripsit.
484 1041 525 1045 —
551 1028 640 1055 1001.
677 1024 858 1064 „suppetias
881 1023 988 1054 uenire
1012 1027 1119 1063 saepius
1144 1025 1255 1061 legitur
1279 1024 1358 1062 apud

231 1081 381 1105 auctorem
407 1077 476 1105 belli
500 1077 653 1106 Africani“
681 1078 728 1106 Br.
753 1093 794 1097 -—
819 1075 948 1114 temperi
971 1076 1014 1111 R,
1039 1077 1075 1104 cf.
1102 1077 1174 1105 453.
1198 1091 1238 1096 —-
1266 1077 1355 1104 1003.

231 1125 346 1166 absque
377 1129 456 1166 apud
487 1130 671 1167 antiquiores
696 1132 741 1157 est
764 1130 934 1157 coniunctio
959 1128 1171 1157 condicionalis
1195 1137 1260 1156 cum
1282 1137 1358 1165 prae-

231 1180 379 1217 positione
392 1182 559 1216 coniuncta,
580 1183 614 1209 ut
630 1181 718 1209 scribi
738 1180 841 1208 debuit
859 1180 895 1208 nd
915 1179 1020 1207 Bacch.
1034 1180 1105 1212 409,
1128 1179 1164 1207 cf.
1178 1178 1357 1215 Brugmann.

230 1232 260 1258 in
284 1230 360 1259 Mus.
385 1230 478 1260 Rhen.
502 1231 618 1260 XXXII
642 1242 670 1269 p.
695 1232 756 1259 485
781 1241 824 1268 sq.
876 1231 909 1259 R.
936 1231 998 1259 ed.:
1037 1230 1166 1268 „absque
1195 1229 1246 1257 ted
1270 1233 1356 1264 esset,

230 1291 390 1319 numquam
414 1281 532 1311 hodie“.
569 1297 609 1302 --
644 1281 686 1312 ad
712 1279 806 1311 solem
830 1288 987 1316 occasum.
1021 1282 1056 1310 cf.
1081 1282 1152 1310 426.
1188 1295 1223 1300 -—
1266 1281 1356 1309 1004.

229 1340 278 1362 me
311 1331 438 1362 emittas
472 1334 557 1362 codd.
590 1344 654 1362 cum
689 1335 782 1363 hiatu.
840 1334 941 1367 ssoth.,
975 1333 1007 1360 R.
1043 1331 1144 1365 „med“
1177 1332 1355 1366 scribebant,

230 1384 332 1413 Muell.
360 1395 424 1420 „me
448 1384 523 1412 iam“
559 1390 610 1413 aut
645 1396 739 1418 „nunc
765 1384 839 1413 me⁸¹.
873 1399 908 1404 —
943 1386 1031 1413 1005.
1065 1380 1209 1412 Liberem
1239 1384 1285 1411 ed.
1310 1393 1355 1420 pr.

230 1450 270 1454 —
301 1433 430 1470 Uerum,
460 1446 546 1469 sane,
576 1448 602 1465 v.
628 1438 663 1465 ad
689 1438 769 1465 Asin.
795 1438 866 1465 783.
893 1450 929 1455 -—
955 1432 1206 1473 quandoquidem
1231 1435 1357 1463 alteram

231 1487 376 1526 syllabam
407 1489 531 1525 corripit
560 1492 593 1517 ut
617 1489 697 1517 Trin.
724 1489 794 1516 991.
841 1488 907 1516 Ter.
934 1487 1026 1515 Andr.
1051 1487 1123 1515 487.
1149 1487 1219 1515 608.
1268 1486 1354 1522 Verg.

230 1538 332 1567 Bucol.
360 1540 386 1574 3,
413 1541 461 1568 55.
499 1539 660 1568 Muellerus
687 1539 825 1577 „quando
850 1537 1003 1576 equidem“
1025 1538 1197 1575 postulavit,
1221 1541 1256 1566 ut
1273 1537 1355 1565 Triu.

232 1591 302 1619 353.
328 1605 368 1609 —
395 1591 485 1619 1006.
515 1588 620 1627 „Quid
641 1590 731 1619 erro?
756 1601 841 1627 quem
865 1600 994 1618 errorem
1020 1586 1214 1617 committo‘?“
1241 1588 1290 1617 Br.
1315 1603 1356 1607 —

234 1642 323 1670 1007.
350 1638 429 1670 Med
450 1642 535 1669 Both.
560 1657 593 1661 -
619 1643 707 1671 1008.
733 1642 790 1670 Pro
814 1639 890 1677 fecit
911 1640 1000 1678 Seyff.
1020 1640 1126 1668 Philol.
1139 1639 1240 1669 XXIX
1251 1650 1279 1678 p.
1295 1640 1355 1668 396

233 1692 356 1729 ‚‚faxit“‚
379 1693 466 1721 male.
487 1707 526 1712 —-
548 1694 637 1722 1009.
664 1690 727 1727 Sic,
752 1697 785 1721 ut
808 1703 880 1727 sum,
907 1692 955 1720 ubi
979 1695 1012 1720 tu
1037 1702 1105 1720 erus
1129 1701 1210 1719 meus
1234 1701 1292 1720 uon
1315 1701 1354 1725 es,

231 1741 378 1780 liberum3
414 1744 462 1772 Br.
487 1745 604 1774 delevit.
642 1760 682 1764 —
715 1752 811 1781 ‘negas
834 1745 967 1772 ultimam
994 1744 1132 1781 corripit;
1168 1743 1233 1771 edd.
1259 1746 1356 1770 trans—

230 1799 360 1833 ponunt,
396 1796 445 1824 R:
485 1805 565 1830 „esse
595 1799 677 1824 tuum
708 1805 798 1832 negas
829 1794 907 1829 me“‚
943 1794 1026 1823 Br.¹:
1066 1804 1173 1831 „negas
1204 1797 1285 1822 tuom
1310 1804 1356 1822 me

231 1848 325 1882 esse“,
351 1847 469 1876 Muell.:
496 1857 605 1885 „negas
630 1857 674 1875 me
698 1851 781 1875 tuum
806 1851 900 1880 esse”‚
922 1861 961 1865 —
984 1847 1072 1874 1012.
1100 1842 1200 1882 Quom
1224 1844 1257 1873 iu
1280 1842 1357 1873 liber

231 1906 272 1934 es,
294 1896 423 1936 ῃααίῖεο,
449 1899 537 1927 solita
559 1899 730 1936 gratulandi
749 1898 916 1926 libertatem
930 1897 1065 1931 formula,
1091 1907 1116 1925 v.
1132 1897 1168 1925 ad
1183 1896 1268 1934 Epid.
1285 1897 1355 1925 709.

231 1949 289 1978 Sed
313 1951 468 1988 quaeritur,
492 1951 558 1988 quis
582 1950 642 1978 haec
667 1950 775 1977 dixerit
800 1953 827 1977 et
852 1949 958 1986 quibus
982 1949 1130 1977 Messenio
1152 1949 1354 1986 responderit:

236 1998 342 2037 Credo,
367 2004 401 2030 ut
424 2002 490 2030 Ter.
511 2001 566 2030 Ad.
587 2002 657 2030 972.
705 2001 891 2029 Camerarius
915 2003 944 2028 et
967 2000 1093 2028 Lorenz.
1113 1999 1248 2028 Jahresb.
1270 1999 1355 2027 XXII

230 2063 258 2091 p.
284 2054 322 2081 79
348 2053 421 2081 alios
444 2052 640 2081 Messenionis
664 2062 821 2081 conservos
845 2051 1006 2089 cogitabat,
1031 2051 1082 2079 sed
1107 2051 1252 2079 Messenio
1276 2051 1355 2079 solus

231 2104 302 2132 hero
326 2104 482 2132 adversum
508 2105 592 2138 ierat,
617 2106 707 2133 ceteri
732 2105 760 2131 in
778 2103 902 2132 taberna
920 2107 1098 2136 manserant,
1144 2102 1263 2130 Brixius
1286 2111 1355 2139 pro-

230 2157 410 2193 sopopoeiain
443 2155 590 2193 quandam
620 2155 675 2183 sibi
705 2154 805 2189 finxit,
840 2158 873 2182 ut
896 2154 987 2182 Mero.
1018 2153 1078 2182 937
1103 2164 1183 2191 sqq.;
1219 2163 1271 2181 nec
1299 2163 1354 2191 ego
