1596 2478
304 179 341 208 12
815 176 907 204 Plauti
1240 176 1264 210 Ι,
1285 179 1307 210 1,
1326 178 1428 205 59-68

299 270 470 312 Trepidas,
497 270 640 311 Epidice,
665 271 713 302 ita
736 270 864 302 uoltum
887 274 980 302 tuum
1006 296 1034 303 ..
1049 295 1076 303 ..

302 324 431 356 Uideor.
478 323 599 356 Uidere
623 325 856 356 commeruisse
879 323 932 356 hic
955 335 1006 356 me
1030 324 1166 357 absente
1189 326 1222 357 in
1246 328 1278 357 te
1301 324 1427 366 aliquid

1018 378 1104 410 mali.
1393 387 1426 413 65

764 431 959 473 Epidicus

301 485 398 517 Potin
424 489 460 516 ut
484 485 639 517 molestus
663 496 702 518 ne
727 486 794 517 sis?

761 538 962 580 Thesprio

786 592 885 624 Abeo.

765 646 962 688 Epidicus

863 700 982 739 Adsta;
1006 699 1099 732 abire
1124 700 1199 732 hinc
1222 711 1286 732 non
1311 701 1424 732 sinam.

763 754 960 795 Thesprio

300 807 384 846 Quid
410 817 496 839 nunc
520 818 569 838 me
592 807 738 839 retines?

764 866 960 907 Epidicus

633 921 770 952 Amatne
796 921 902 958 istam,
927 931 1024 961 quam
1050 921 1128 952 emit
1151 920 1190 952 de
1215 919 1361 961 praeda?

762 973 961 1014 Thesprio

1292 1016 1423 1056 Rogas?

300 1059 444 1101 Deperit.

762 1112 960 1153 Epidicus

502 1166 563 1198 Ei!
588 1166 760 1206 detegetur
784 1167 906 1198 corium
933 1166 972 1198 de
996 1170 1089 1207 tergo
1114 1177 1194 1198 meo.

756 1226 963 1266 Thesprio

296 1279 439 1321 Plusque
463 1283 553 1311 amat
576 1290 672 1320 quam
697 1283 729 1312 te
753 1290 909 1320 umquam
933 1280 1066 1311 amauit.

762 1339 959 1380 Epidicus

1048 1381 1196 1422 luppiter
1220 1386 1252 1413 te
1277 1381 1421 1422 perduit!

756 1441 958 1482 Thesprio

296 1495 390 1527 Mitte
415 1505 500 1527 nunc
523 1495 588 1527 iam
612 1505 673 1534 me3
697 1505 772 1526 nam
797 1495 852 1526 ille
876 1505 927 1526 me
951 1495 1060 1526 uetuit
1083 1494 1214 1526 domum
1238 1495 1366 1533 uenire3
1389 1503 1423 1528 70

294 1548 347 1580 Ire
371 1549 413 1580 ad
438 1548 670 1580 Chaeribulum
694 1550 790 1581 iussit
814 1549 878 1580 huc
901 1549 932 1580 iu
958 1549 1153 1590 proximum.
1200 1548 1248 1580 Ibi
1273 1558 1405 1580 manere

295 1603 405 1642 Iussit,
429 1613 468 1635 eo
491 1606 664 1635 uenturust
687 1603 785 1644 ipsus.

762 1656 957 1697 Epidicus

802 1709 888 1747 Quid
913 1710 981 1741 ita?

758 1769 956 1810 Thesprio

1016 1811 1141 1843 Dicam.
1188 1811 1272 1850 Quia
1295 1815 1419 1852 patrem

294 1866 388 1897 Prius
412 1876 446 1898 se
470 1866 646 1898 conuenire
669 1876 733 1898 non
759 1866 828 1898 uolt
854 1877 958 1907 neque
981 1875 1015 1897 se
1038 1865 1268 1906 conspicaricr,

293 1920 397 1958 Quam
421 1920 453 1951 id
478 1924 660 1960 argent-um,
685 1919 773 1961 quod
797 1919 938 1951 debetur
961 1930 1020 1960 pro
1045 1919 1112 1958 illa,
1136 1919 1402 1950 dinumerauerit.

359 2021 464 2047 64—79
484 2021 597 2048 turbata
619 2029 745 2047 versuum
763 2020 915 2053 discriptio,
934 2028 958 2046 v.
980 2028 1071 2047 comm.
1220 2021 1322 2047 64-65
1342 2023 1418 2046 tunm

293 2063 391 2090 uideor·
463 2064 496 2090 68
516 2063 550 2089 Ei
569 2071 619 2090 om.
697 2065 732 2089 70
751 2072 794 2089 me
812 2071 862 2090 om.
938 2063 1036 2089 70—71
1058 2063 1154 2089 uenire
1174 2064 1208 2089 ad
1278 2064 1310 2089 ⁷8
1329 2071 1419 2096 neque

291 2106 447 2139 conspicari
