1596 2478
154 191 199 224 lv,
220 193 243 224 2,
262 193 363 218 79—89
633 191 794 217 Cistellaria.
1213 189 1269 218 121

574 285 850 317 Phanostrata

865 338 931 378 Ego
955 348 1025 369 sum
1049 336 1136 368 illius
1160 340 1273 369 mater,

155 394 246 431 Quae
271 394 350 426 haec
373 395 554 434 gestitauit.

630 453 796 485 Halisca

595 507 710 539 Hicine
735 511 771 539 tu
795 517 871 547 ergo
896 506 1047 538 habitas?

575 576 847 608 Phanostrata

1092 626 1271 658 Hariolare.

156 686 230 721 Sed,
255 696 385 726 quaeso,
410 685 573 725 ambages,
599 684 722 721 mulier,
748 684 839 714 mitte
863 687 960 723 atque
984 682 1044 714 hoc
1069 692 1146 722 age3

157 740 327 781 Eloquere,
352 740 436 771 unde
460 739 542 771 haec
566 742 641 770 sunt
665 738 735 775 tibi,
760 738 834 775 cito,
858 737 1046 778 crepundia.
1225 744 1275 768 580

630 806 794 838 Halisca

155 863 227 894 Mea
251 862 333 894 haec
357 862 445 894 erilis
469 862 639 902 gestitauit
662 861 739 892 filia.

605 929 822 970 Lampadio

156 985 319 1021 Mentiris:
340 995 414 1017 nam
439 995 510 1016 mea
533 984 714 1025 gestitanit.
737 994 799 1015 non
824 987 890 1014 tua.

581 1053 856 1085 Phanostrata

154 1108 202 1140 Ne
227 1108 411 1149 obloquere.

604 1167 823 1208 Lampadio

461 1221 577 1254 Taceo.

552 1282 830 1314 Phanostrata

625 1345 750 1381 Mulier,
776 1354 874 1385 perge
898 1344 1016 1375 dicere.

157 1400 217 1432 Ubi
242 1412 280 1431 ea
303 1404 360 1438 est,
385 1410 469 1440 quae
493 1401 685 1440 gestitauit'?

632 1460 800 1491 Halisca

721 1513 781 1545 Hic
804 1515 836 1545 in
862 1523 1027 1554 proxumo.

577 1585 850 1617 Phanostrata

156 1640 234 1672 Istic
258 1640 387 1680 quidem
413 1639 527 1680 edepol
552 1641 613 1671 niei
638 1640 699 1671 uiri
723 1640 853 1671 habitat
875 1649 982 1679 gener.
1226 1646 1277 1671 585

606 1711 825 1752 Lampadio

155 1765 203 1798 Ne
230 1791 458 1797 ........

581 1824 852 1857 Phanostrata

156 1879 342 1921 Obloquere
365 1880 514 1911 rursum?
560 1879 661 1920 Perge
686 1890 783 1921 porro
807 1880 924 1911 dicere.

156 1935 241 1973 Quot
264 1945 366 1966 annos
390 1938 468 1965 nata
494 1934 636 1966 dicitur?

241 2055 292 2080 578
311 2055 432 2088 gestauit
451 2055 470 2081 I
554 2054 598 2080 hic
618 2055 645 2080 in
664 2054 713 2080 EI
796 2053 918 2080 habitias
937 2053 964 2079 B
1051 2054 1099 2079 581
1120 2053 1244 2086 gestauit
1262 2053 1281 2079 Ι

155 2097 274 2124 581-82
292 2096 349 2123 fllia
360 2118 365 2123 .
378 2118 382 2122 .
394 2119 399 2124 .
413 2119 418 2123 .
431 2097 577 2130 gestitauit
594 2103 643 2123 om.
661 2096 708 2123 ΙΕ
758 2098 807 2123 584
826 2095 990 2129 ἕεεῑαιιίῐῑῌῑ
1001 2096 1072 2122 Huic
1089 2097 1109 2122 Ι
1158 2096 1277 2122 586-87

155 2139 195 2167 Ne
219 2140 371 2174 obloquere
390 2149 499 2167 rursum
519 2139 572 2173 BI,
593 2139 633 2166 Ne
655 2139 822 2173 obloquerer
841 2148 907 2165 usus
926 2139 955 2165 E
1088 2139 1139 2165 588
1157 2138 1232 2172 quod
1250 2138 1280 2165 E
