1596 2478
139 181 160 212 Ῑ,
183 183 204 214 l,
223 183 326 208 69—82
640 182 782 214 Epidicus.
1231 183 1267 214 13

607 276 800 316 Epidicus

139 329 187 361 Eu
212 329 329 370 edepol
353 340 406 361 res
430 329 656 362 turbulentas!

599 382 701 414 Thes
713 384 801 423 prio

668 436 761 467 Mitte
786 447 845 475 me,
872 441 905 468 ut
931 447 1001 468 eam
1025 447 1110 468 nunc
1135 437 1210 468 iam.
1235 445 1267 470 ’75

603 490 801 531 Epidicus

344 544 487 577 Haecine
511 545 567 576 ubi
592 545 687 576 scibit
713 555 823 577 senex.

344 599 466 639 Puppis
492 598 691 639 pereundast
715 597 839 638 probe?

602 652 800 692 Thesprio

345 705 429 743 Quid
454 706 540 738 istuc
563 706 604 737 ad
629 705 704 737 med
726 706 856 741 attinet,

344 760 414 798 Quo
439 764 474 792 tu
498 761 642 792 intereas
667 759 786 791 modo?

603 813 801 854 Epidicus

140 866 223 904 Quia
248 868 355 908 perire
381 867 471 899 solus
496 868 588 906 nolo;
611 872 643 899 te
669 868 766 908 cupio
791 868 896 908 perire
923 877 1064 906 1necu1n;
1234 876 1270 901 SO

139 920 342 953 Beneuolens
365 932 436 953 sum
462 921 679 953 beneuolenti.

602 976 806 1016 Thesprio

585 1029 646 1061 Abi
671 1030 703 1060 in
726 1029 847 1060 malam
872 1039 940 1060 rem
964 1039 1152 1060 maxumam
1175 1039 1194 1060 a
1218 1039 1268 1060 me

138 1082 218 1114 Cum
241 1084 324 1115 istac
348 1083 549 1115 condicione.

603 1137 795 1178 Epidicus

588 1192 603 1223 I
627 1202 714 1229 sane,
740 1192 767 1222 si
791 1191 922 1231 quidem
945 1190 1085 1223 festinas
1110 1191 1223 1231 magis.

604 1245 805 1286 Thesprio

139 1298 321 1339 Numquam
346 1299 510 1331 hominem
535 1310 732 1340 quemquam
758 1299 914 1334 conueni,
949 1298 1033 1330 unde
1058 1299 1196 1330 abierim
1220 1299 1270 1330 lu-

862 1353 1002 1384 bentius.

602 1407 799 1447 Epidicus

139 1460 210 1492 Illic
233 1461 308 1492 hinc
332 1461 429 1499 abiit3
459 1461 547 1493 solus
579 1472 611 1492 es
641 1471 737 1492 nunc.
786 1460 855 1499 Quo
880 1461 912 1491 in
936 1460 1007 1492 Ioco
1032 1460 1113 1492 haec
1137 1471 1191 1491 res
1216 1460 1269 1497 sit,

859 1515 962 1552 uides,

140 1568 284 1610 Epidice.
330 1568 401 1599 Nisi
426 1568 505 1609 quid
530 1568 590 1600 tibi
615 1569 646 1599 in
671 1572 738 1599 tete
763 1569 906 1605 auxilist,
933 1568 1127 1609 absumptus
1152 1578 1195 1600 es.
1237 1577 1270 1602 85

139 1622 263 1654 Tantae
287 1623 319 1654 in
344 1626 376 1653 te
400 1623 579 1662 inpendent
602 1623 730 1654 ruinae:
755 1623 817 1653 nisi
842 1622 990 1654 suffulcis
1014 1622 1161 1660 firmiter,

139 1676 212 1708 Non
237 1680 331 1717 potes
356 1677 551 1715 subsistere3
576 1677 689 1717 itaque
714 1678 746 1707 in
771 1680 804 1707 te
827 1677 958 1707 irruunt
981 1680 1109 1708 montes
1134 1676 1221 1708 mali.

389 1730 511 1770 Neque,
536 1740 596 1771 ego
620 1740 707 1761 nunc
732 1730 897 1771 quomodo

139 1784 190 1815 Me
215 1784 402 1824 expeditum
427 1795 466 1816 ex
490 1784 639 1825 inpedito
662 1784 791 1822 faciam,
818 1784 991 1815 consilium
1014 1784 1134 1824 placet.

388 1838 456 1878 Ego
480 1839 578 1870 miser
602 1838 731 1879 perpuli
1237 1846 1271 1872 90

140 1892 220 1924 Meis
245 1891 329 1924 dolis
353 1902 475 1930 senem,
499 1896 537 1924 ut
561 1896 719 1930 censeret,
746 1902 838 1924 suam
864 1902 936 1924 sese
960 1901 1067 1923 emere
1090 1891 1200 1923 filiam.

388 1946 418 1977 Is
443 1956 502 1977 suo
526 1945 594 1978 filio

139 1999 321 2031 Fidicinam
343 2001 431 2037 emit,
453 2010 551 2040 quam
569 2001 640 2041 ipse
660 2000 835 2032 emundam
855 2000 970 2031 abiens
989 2000 1162 2031 mandauit
1182 1999 1268 2030 mihi.

209 2086 242 2110 78
260 2093 305 2110 me
383 2085 414 2110 Sl
436 2092 497 2110 cum
517 2084 706 2111 beneuolente
788 2085 822 2110 82
841 2084 908 2118 quid
927 2083 954 2109 B
1031 2084 1064 2110 85
1083 2084 1127 2110 De
1144 2092 1271 2111 versuum

138 2126 316 2160 discriptione
335 2135 357 2154 ν.
377 2134 469 2153 comm.
541 2128 575 2153 93
594 2135 677 2160 quam
696 2127 755 2160 ipse
776 2130 851 2153 amat
871 2135 956 2160 quam
976 2127 1071 2153 abiens

1582 1908 1593 1974 ς]

1578 1978 1594 2079 j,

1573 2100 1593 2478 ;ᾳ.....μ..-..,-;.λ,....Α,Α-Α.ῳ
