<?xml version="1.0" encoding="UTF-8"?>
<!DOCTYPE html PUBLIC "-//W3C//DTD XHTML 1.0 Transitional//EN"
    "http://www.w3.org/TR/xhtml1/DTD/xhtml1-transitional.dtd">
<html xmlns="http://www.w3.org/1999/xhtml" xml:lang="en" lang="en">
 <head>
  <title>
</title>
<meta http-equiv="Content-Type" content="text/html;charset=utf-8" />
  <meta name='ocr-system' content='tesseract 3.04.00' />
  <meta name='ocr-capabilities' content='ocr_page ocr_carea ocr_par ocr_line ocrx_word'/>
</head>
<body>
  <div class='ocr_page' id='page_1' title='image "./comoediaerecensu03plauuoft_0225.png"; bbox 0 0 1596 2478; ppageno 0'>
   <div class='ocr_carea' id='block_1_1' title="bbox 160 186 1287 220">
    <p class='ocr_par' dir='ltr' id='par_1_1' title="bbox 160 186 1287 220">
     <span class='ocr_line' id='line_1_1' title="bbox 160 186 1287 220; baseline -0.005 -6"><span class='ocrx_word' id='word_1_1' title='bbox 160 188 181 220; x_wconf 81' lang='grc' dir='ltr'>Ι,</span> <span class='ocrx_word' id='word_1_2' title='bbox 204 191 224 220; x_wconf 80' lang='grc'>1,</span> <span class='ocrx_word' id='word_1_3' title='bbox 246 189 345 215; x_wconf 77' lang='lat'>14—22</span> <span class='ocrx_word' id='word_1_4' title='bbox 651 186 794 220; x_wconf 77' lang='lat' dir='ltr'>Epidicus.</span> <span class='ocrx_word' id='word_1_5' title='bbox 1270 187 1287 215; x_wconf 87' lang='grc'><strong>7</strong></span> 
     </span>
    </p>
   </div>
   <div class='ocr_carea' id='block_1_2' title="bbox 160 281 1295 1930">
    <p class='ocr_par' dir='ltr' id='par_1_2' title="bbox 160 281 1295 1930">
     <span class='ocr_line' id='line_1_2' title="bbox 624 281 821 321; baseline -0.005 -9"><span class='ocrx_word' id='word_1_6' title='bbox 624 281 821 321; x_wconf 82' lang='lat' dir='ltr'><strong>Thesprio</strong></span> 
     </span>
     <span class='ocr_line' id='line_1_3' title="bbox 810 332 1284 374; baseline -0.006 -8"><span class='ocrx_word' id='word_1_7' title='bbox 810 334 975 366; x_wconf 83' lang='lat' dir='ltr'><strong>Audacter</strong></span> <span class='ocrx_word' id='word_1_8' title='bbox 998 333 1148 374; x_wconf 84' lang='lat' dir='ltr'>quamuis</span> <span class='ocrx_word' id='word_1_9' title='bbox 1173 332 1284 364; x_wconf 69' lang='lat' dir='ltr'>dicito</span> 
     </span>
     <span class='ocr_line' id='line_1_4' title="bbox 624 393 821 434; baseline 0 -9"><span class='ocrx_word' id='word_1_10' title='bbox 624 393 821 434; x_wconf 84' lang='lat' dir='ltr'>Epidicus</span> 
     </span>
     <span class='ocr_line' id='line_1_5' title="bbox 160 448 728 489; baseline -0.005 -8"><span class='ocrx_word' id='word_1_11' title='bbox 160 449 246 487; x_wconf 84' lang='lat' dir='ltr'><strong>Quid</strong></span> <span class='ocrx_word' id='word_1_12' title='bbox 271 449 340 480; x_wconf 67' lang='lat' dir='ltr'>ais?</span> <span class='ocrx_word' id='word_1_13' title='bbox 366 452 544 489; x_wconf 79' lang='lat' dir='ltr'>perpetuen</span> <span class='ocrx_word' id='word_1_14' title='bbox 570 448 728 479; x_wconf 73' lang='lat' dir='ltr'>ualuisti&#39;?</span> 
     </span>
     <span class='ocr_line' id='line_1_6' title="bbox 625 506 824 546; baseline -0.005 -8"><span class='ocrx_word' id='word_1_15' title='bbox 625 506 824 546; x_wconf 80' lang='lat' dir='ltr'>Thesprio</span> 
     </span>
     <span class='ocr_line' id='line_1_7' title="bbox 763 559 871 592; baseline -0.009 0"><span class='ocrx_word' id='word_1_16' title='bbox 763 559 871 592; x_wconf 75' lang='lat' dir='ltr'>Uarie.</span> 
     </span>
     <span class='ocr_line' id='line_1_8' title="bbox 626 620 823 662; baseline -0.005 -10"><span class='ocrx_word' id='word_1_17' title='bbox 626 620 823 662; x_wconf 81' lang='lat' dir='ltr'>Epidicus</span> 
     </span>
     <span class='ocr_line' id='line_1_9' title="bbox 917 671 1242 711; baseline 0.003 -7"><span class='ocrx_word' id='word_1_18' title='bbox 917 672 979 711; x_wconf 85' lang='lat' dir='ltr'>Qui</span> <span class='ocrx_word' id='word_1_19' title='bbox 1003 673 1092 704; x_wconf 79' lang='lat' dir='ltr'>uarie</span> <span class='ocrx_word' id='word_1_20' title='bbox 1117 671 1242 705; x_wconf 80' lang='lat' dir='ltr'>ualent.</span> 
     </span>
     <span class='ocr_line' id='line_1_10' title="bbox 160 726 1287 772; baseline -0.005 -9"><span class='ocrx_word' id='word_1_21' title='bbox 160 730 400 772; x_wconf 76' lang='lat' dir='ltr'>Capreaginum</span> <span class='ocrx_word' id='word_1_22' title='bbox 424 729 591 761; x_wconf 85' lang='lat' dir='ltr'>hominum</span> <span class='ocrx_word' id='word_1_23' title='bbox 616 739 680 760; x_wconf 86' lang='lat' dir='ltr'>non</span> <span class='ocrx_word' id='word_1_24' title='bbox 703 728 813 769; x_wconf 77' lang='lat' dir='ltr'>placet</span> <span class='ocrx_word' id='word_1_25' title='bbox 834 727 912 759; x_wconf 90' lang='lat' dir='ltr'>mihi</span> <span class='ocrx_word' id='word_1_26' title='bbox 929 737 1035 767; x_wconf 84' lang='lat' dir='ltr'>neque</span> <span class='ocrx_word' id='word_1_27' title='bbox 1054 726 1287 767; x_wconf 66' lang='lat' dir='ltr'>panthei-inum</span> 
     </span>
     <span class='ocr_line' id='line_1_11' title="bbox 880 791 992 822; baseline -0.018 -9"><span class='ocrx_word' id='word_1_28' title='bbox 880 791 992 822; x_wconf 86' lang='lat' dir='ltr'>genus.</span> 
     </span>
     <span class='ocr_line' id='line_1_12' title="bbox 623 836 826 877; baseline -0.005 -9"><span class='ocrx_word' id='word_1_29' title='bbox 623 836 826 877; x_wconf 84' lang='lat' dir='ltr'>Thesprio</span> 
     </span>
     <span class='ocr_line' id='line_1_13' title="bbox 162 890 827 932; baseline -0.006 -8"><span class='ocrx_word' id='word_1_30' title='bbox 162 893 245 932; x_wconf 83' lang='lat' dir='ltr'>Quid</span> <span class='ocrx_word' id='word_1_31' title='bbox 270 892 330 924; x_wconf 84' lang='lat' dir='ltr'>tibi</span> <span class='ocrx_word' id='word_1_32' title='bbox 355 892 404 923; x_wconf 85' lang='lat' dir='ltr'>uis</span> <span class='ocrx_word' id='word_1_33' title='bbox 429 891 535 923; x_wconf 85' lang='lat' dir='ltr'>dicam</span> <span class='ocrx_word' id='word_1_34' title='bbox 559 891 620 922; x_wconf 87' lang='lat' dir='ltr'>nisi</span> <span class='ocrx_word' id='word_1_35' title='bbox 645 890 730 931; x_wconf 90' lang='lat' dir='ltr'>quod</span> <span class='ocrx_word' id='word_1_36' title='bbox 755 890 827 921; x_wconf 78' lang='lat' dir='ltr'>est?</span> 
     </span>
     <span class='ocr_line' id='line_1_14' title="bbox 627 949 824 990; baseline -0.005 -9"><span class='ocrx_word' id='word_1_37' title='bbox 627 949 824 990; x_wconf 83' lang='lat' dir='ltr'>Epidicus</span> 
     </span>
     <span class='ocr_line' id='line_1_15' title="bbox 738 1000 1292 1043; baseline -0.005 -8"><span class='ocrx_word' id='word_1_38' title='bbox 738 1003 781 1035; x_wconf 82' lang='lat' dir='ltr'>Ut</span> <span class='ocrx_word' id='word_1_39' title='bbox 803 1003 836 1034; x_wconf 86' lang='lat' dir='ltr'>id</span> <span class='ocrx_word' id='word_1_40' title='bbox 861 1003 904 1034; x_wconf 89' lang='lat' dir='ltr'>mi</span> <span class='ocrx_word' id='word_1_41' title='bbox 927 1011 1098 1043; x_wconf 77' lang='lat' dir='ltr'>responses</span> <span class='ocrx_word' id='word_1_42' title='bbox 1123 1000 1233 1042; x_wconf 85' lang='lat' dir='ltr'>probe.</span> <span class='ocrx_word' id='word_1_43' title='bbox 1259 1009 1292 1033; x_wconf 84' lang='lat'>20</span> 
     </span>
     <span class='ocr_line' id='line_1_16' title="bbox 163 1058 621 1098; baseline -0.009 -5"><span class='ocrx_word' id='word_1_44' title='bbox 163 1060 247 1098; x_wconf 82' lang='lat' dir='ltr'>Quid</span> <span class='ocrx_word' id='word_1_45' title='bbox 274 1059 364 1091; x_wconf 85' lang='lat' dir='ltr'>erilis</span> <span class='ocrx_word' id='word_1_46' title='bbox 389 1063 500 1091; x_wconf 83' lang='lat' dir='ltr'>noster</span> <span class='ocrx_word' id='word_1_47' title='bbox 524 1058 621 1089; x_wconf 87' lang='lat' dir='ltr'>filius.</span> 
     </span>
     <span class='ocr_line' id='line_1_17' title="bbox 626 1111 826 1152; baseline -0.005 -9"><span class='ocrx_word' id='word_1_48' title='bbox 626 1111 826 1152; x_wconf 84' lang='lat' dir='ltr'>Thesprio</span> 
     </span>
     <span class='ocr_line' id='line_1_18' title="bbox 668 1162 1248 1205; baseline -0.005 -8"><span class='ocrx_word' id='word_1_49' title='bbox 668 1165 767 1197; x_wconf 75' lang='lat' dir='ltr'>Ualet</span> <span class='ocrx_word' id='word_1_50' title='bbox 790 1164 930 1205; x_wconf 80' lang='lat' dir='ltr'>pugilice</span> <span class='ocrx_word' id='word_1_51' title='bbox 953 1167 1054 1204; x_wconf 79' lang='lat' dir='ltr'>atque</span> <span class='ocrx_word' id='word_1_52' title='bbox 1081 1162 1248 1194; x_wconf 77' lang='lat' dir='ltr'>athletice.</span> 
     </span>
     <span class='ocr_line' id='line_1_19' title="bbox 625 1225 821 1266; baseline -0.005 -9"><span class='ocrx_word' id='word_1_53' title='bbox 625 1225 821 1266; x_wconf 87' lang='lat' dir='ltr'>Epidicus</span> 
     </span>
     <span class='ocr_line' id='line_1_20' title="bbox 164 1276 1290 1323; baseline -0.007 -9"><span class='ocrx_word' id='word_1_54' title='bbox 164 1281 407 1323; x_wconf 83' lang='lat' dir='ltr'>Uoluptabilem</span> <span class='ocrx_word' id='word_1_55' title='bbox 428 1280 505 1311; x_wconf 82' lang='lat' dir='ltr'>mihi</span> <span class='ocrx_word' id='word_1_56' title='bbox 523 1280 674 1311; x_wconf 73' lang='lat' dir='ltr'>nuntium</span> <span class='ocrx_word' id='word_1_57' title='bbox 691 1282 749 1311; x_wconf 79' lang='lat' dir='ltr'>tuo</span> <span class='ocrx_word' id='word_1_58' title='bbox 768 1278 913 1310; x_wconf 79' lang='lat' dir='ltr'>aduentu</span> <span class='ocrx_word' id='word_1_59' title='bbox 932 1277 1099 1318; x_wconf 76' lang='lat' dir='ltr'>adportas,</span> <span class='ocrx_word' id='word_1_60' title='bbox 1120 1276 1290 1316; x_wconf 86' lang='lat' dir='ltr'>Thesprio.</span> 
     </span>
     <span class='ocr_line' id='line_1_21' title="bbox 165 1335 457 1368; baseline -0.007 0"><span class='ocrx_word' id='word_1_61' title='bbox 165 1336 228 1368; x_wconf 82' lang='lat' dir='ltr'>Sed</span> <span class='ocrx_word' id='word_1_62' title='bbox 253 1336 307 1367; x_wconf 92' lang='lat' dir='ltr'>ubi</span> <span class='ocrx_word' id='word_1_63' title='bbox 333 1338 383 1367; x_wconf 79' lang='lat' dir='ltr'>est</span> <span class='ocrx_word' id='word_1_64' title='bbox 407 1335 457 1366; x_wconf 78' lang='lat' dir='ltr'>is&#39;?</span> 
     </span>
     <span class='ocr_line' id='line_1_22' title="bbox 626 1387 823 1428; baseline 0 -10"><span class='ocrx_word' id='word_1_65' title='bbox 626 1387 823 1428; x_wconf 81' lang='lat' dir='ltr'>Thesprio</span> 
     </span>
     <span class='ocr_line' id='line_1_23' title="bbox 414 1441 687 1473; baseline -0.004 0"><span class='ocrx_word' id='word_1_66' title='bbox 414 1442 558 1473; x_wconf 80' lang='lat' dir='ltr'>Aduenit</span> <span class='ocrx_word' id='word_1_67' title='bbox 581 1441 687 1473; x_wconf 89' lang='lat' dir='ltr'>simul.</span> 
     </span>
     <span class='ocr_line' id='line_1_24' title="bbox 627 1500 824 1541; baseline 0 -10"><span class='ocrx_word' id='word_1_68' title='bbox 627 1500 824 1541; x_wconf 86' lang='lat' dir='ltr'>Epidicus</span> 
     </span>
     <span class='ocr_line' id='line_1_25' title="bbox 650 1551 1293 1594; baseline -0.008 -8"><span class='ocrx_word' id='word_1_69' title='bbox 650 1554 712 1586; x_wconf 85' lang='lat' dir='ltr'>Ubi</span> <span class='ocrx_word' id='word_1_70' title='bbox 735 1555 762 1586; x_wconf 89' lang='lat' dir='ltr'>is</span> <span class='ocrx_word' id='word_1_71' title='bbox 786 1563 864 1594; x_wconf 88' lang='lat' dir='ltr'>ergo</span> <span class='ocrx_word' id='word_1_72' title='bbox 888 1553 959 1584; x_wconf 75' lang='lat' dir='ltr'>est?</span> <span class='ocrx_word' id='word_1_73' title='bbox 985 1552 1047 1584; x_wconf 89' lang='lat' dir='ltr'>nisi</span> <span class='ocrx_word' id='word_1_74' title='bbox 1071 1552 1097 1584; x_wconf 88' lang='lat' dir='ltr'>si</span> <span class='ocrx_word' id='word_1_75' title='bbox 1121 1552 1154 1583; x_wconf 88' lang='lat' dir='ltr'>in</span> <span class='ocrx_word' id='word_1_76' title='bbox 1180 1551 1293 1582; x_wconf 87' lang='lat' dir='ltr'>nidulo</span> 
     </span>
     <span class='ocr_line' id='line_1_26' title="bbox 168 1609 665 1642; baseline -0.002 -1"><span class='ocrx_word' id='word_1_77' title='bbox 168 1612 229 1642; x_wconf 83' lang='lat' dir='ltr'>Aut</span> <span class='ocrx_word' id='word_1_78' title='bbox 254 1611 280 1641; x_wconf 85' lang='lat' dir='ltr'>si</span> <span class='ocrx_word' id='word_1_79' title='bbox 304 1611 335 1641; x_wconf 83' lang='lat' dir='ltr'>in</span> <span class='ocrx_word' id='word_1_80' title='bbox 362 1609 481 1641; x_wconf 80' lang='lat' dir='ltr'>melina</span> <span class='ocrx_word' id='word_1_81' title='bbox 505 1609 665 1640; x_wconf 79' lang='lat' dir='ltr'>adtulisti.</span> 
     </span>
     <span class='ocr_line' id='line_1_27' title="bbox 628 1667 826 1708; baseline 0 -9"><span class='ocrx_word' id='word_1_82' title='bbox 628 1667 826 1708; x_wconf 85' lang='lat' dir='ltr'>Thesprio</span> 
     </span>
     <span class='ocr_line' id='line_1_28' title="bbox 716 1720 990 1762; baseline -0.011 -9"><span class='ocrx_word' id='word_1_83' title='bbox 716 1722 755 1753; x_wconf 92' lang='lat' dir='ltr'>Di</span> <span class='ocrx_word' id='word_1_84' title='bbox 779 1726 810 1753; x_wconf 82' lang='lat' dir='ltr'>te</span> <span class='ocrx_word' id='word_1_85' title='bbox 836 1720 990 1762; x_wconf 82' lang='lat' dir='ltr'>perdant!</span> 
     </span>
     <span class='ocr_line' id='line_1_29' title="bbox 630 1781 824 1822; baseline 0 -10"><span class='ocrx_word' id='word_1_86' title='bbox 630 1781 824 1822; x_wconf 82' lang='lat' dir='ltr'>Epidicus</span> 
     </span>
     <span class='ocr_line' id='line_1_30' title="bbox 1035 1833 1181 1865; baseline -0.007 0"><span class='ocrx_word' id='word_1_87' title='bbox 1035 1834 1080 1865; x_wconf 84' lang='lat' dir='ltr'>Te</span> <span class='ocrx_word' id='word_1_88' title='bbox 1105 1833 1181 1864; x_wconf 88' lang='lat' dir='ltr'>uolo</span> 
     </span>
     <span class='ocr_line' id='line_1_31' title="bbox 169 1886 1295 1930; baseline -0.004 -7"><span class='ocrx_word' id='word_1_89' title='bbox 169 1892 367 1923; x_wconf 81' lang='lat' dir='ltr'>l&#39;ercontari.</span> <span class='ocrx_word' id='word_1_90' title='bbox 393 1890 552 1929; x_wconf 73' lang='lat' dir='ltr'>Thesprio.</span> <span class='ocrx_word' id='word_1_91' title='bbox 601 1890 744 1930; x_wconf 84' lang='lat' dir='ltr'>Operam</span> <span class='ocrx_word' id='word_1_92' title='bbox 769 1889 820 1927; x_wconf 79' lang='lat' dir='ltr'>da,</span> <span class='ocrx_word' id='word_1_93' title='bbox 845 1898 946 1929; x_wconf 88' lang='lat' dir='ltr'>opera</span> <span class='ocrx_word' id='word_1_94' title='bbox 970 1887 1128 1919; x_wconf 75' lang='lat' dir='ltr'>reddetur</span> <span class='ocrx_word' id='word_1_95' title='bbox 1150 1886 1221 1918; x_wconf 74' lang='lat' dir='ltr'>tibi.</span> <span class='ocrx_word' id='word_1_96' title='bbox 1262 1894 1295 1920; x_wconf 81' lang='lat'>25</span> 
     </span>
    </p>
   </div>
   <div class='ocr_carea' id='block_1_3' title="bbox 310 1961 395 1963">
    <p class='ocr_par' dir='ltr' id='par_1_3' title="bbox 310 1961 395 1963">
     <span class='ocr_line' id='line_1_32' title="bbox 310 1961 395 1963; baseline 0 0"><span class='ocrx_word' id='word_1_97' title='bbox 310 1961 395 1963; x_wconf 95' lang='lat' dir='ltr'> </span> 
     </span>
    </p>
   </div>
   <div class='ocr_carea' id='block_1_4' title="bbox 167 1987 1296 2146">
    <p class='ocr_par' dir='ltr' id='par_1_4' title="bbox 167 1987 1296 2146">
     <span class='ocr_line' id='line_1_33' title="bbox 239 1987 1296 2024; baseline -0.005 -6"><span class='ocrx_word' id='word_1_98' title='bbox 239 1993 269 2018; x_wconf 87' lang='lat'>17</span> <span class='ocrx_word' id='word_1_99' title='bbox 288 1992 370 2018; x_wconf 72' lang='lat' dir='ltr'>ditito</span> <span class='ocrx_word' id='word_1_100' title='bbox 390 1991 417 2018; x_wconf 92' lang='grc' dir='ltr'><em>Β</em></span> <span class='ocrx_word' id='word_1_101' title='bbox 488 1992 518 2017; x_wconf 84' lang='grc'>18</span> <span class='ocrx_word' id='word_1_102' title='bbox 536 1990 607 2023; x_wconf 81' lang='lat' dir='ltr'>Quid</span> <span class='ocrx_word' id='word_1_103' title='bbox 627 1990 708 2024; x_wconf 76' lang='lat' dir='ltr'>agis?</span> <span class='ocrx_word' id='word_1_104' title='bbox 779 1991 812 2016; x_wconf 89' lang='grc'>20</span> <span class='ocrx_word' id='word_1_105' title='bbox 831 1989 867 2016; x_wconf 83' lang='lat' dir='ltr'>Ut</span> <span class='ocrx_word' id='word_1_106' title='bbox 885 1989 925 2015; x_wconf 88' lang='lat' dir='ltr'>illi</span> <span class='ocrx_word' id='word_1_107' title='bbox 945 1998 1048 2022; x_wconf 80' lang='lat' dir='ltr'>respon</span> <span class='ocrx_word' id='word_1_108' title='bbox 1060 2009 1150 2016; x_wconf 84' lang='grc'><strong>......</strong></span> <span class='ocrx_word' id='word_1_109' title='bbox 1162 1988 1250 2021; x_wconf 83' lang='lat' dir='ltr'>probe</span> <span class='ocrx_word' id='word_1_110' title='bbox 1269 1987 1296 2013; x_wconf 91' lang='lat' dir='ltr'><em>B</em></span> 
     </span>
     <span class='ocr_line' id='line_1_34' title="bbox 167 2031 1296 2061; baseline -0.004 0"><span class='ocrx_word' id='word_1_111' title='bbox 167 2036 198 2061; x_wconf 83' lang='lat'>21</span> <span class='ocrx_word' id='word_1_112' title='bbox 219 2035 302 2061; x_wconf 79' lang='lat' dir='ltr'>ualet.</span> <span class='ocrx_word' id='word_1_113' title='bbox 322 2034 378 2060; x_wconf 88' lang='lat' dir='ltr'>TH.</span> <span class='ocrx_word' id='word_1_114' title='bbox 401 2033 426 2059; x_wconf 84' lang='lat' dir='ltr'><strong><em>B</em></strong></span> <span class='ocrx_word' id='word_1_115' title='bbox 491 2034 525 2059; x_wconf 90' lang='grc'>22</span> <span class='ocrx_word' id='word_1_116' title='bbox 544 2033 669 2059; x_wconf 71' lang='lat' dir='ltr'>adtulisti</span> <span class='ocrx_word' id='word_1_117' title='bbox 690 2031 716 2058; x_wconf 91' lang='grc' dir='ltr'>Β</span> <span class='ocrx_word' id='word_1_118' title='bbox 780 2034 812 2058; x_wconf 84' lang='grc'>23</span> <span class='ocrx_word' id='word_1_119' title='bbox 832 2033 879 2058; x_wconf 88' lang='lat' dir='ltr'>ubi</span> <span class='ocrx_word' id='word_1_120' title='bbox 898 2032 986 2058; x_wconf 77' lang='lat' dir='ltr'>estis?</span> <span class='ocrx_word' id='word_1_121' title='bbox 1007 2031 1064 2058; x_wconf 87' lang='lat' dir='ltr'>TH.</span> <span class='ocrx_word' id='word_1_122' title='bbox 1083 2031 1194 2057; x_wconf 82' lang='lat' dir='ltr'>Adueni</span> <span class='ocrx_word' id='word_1_123' title='bbox 1214 2031 1296 2057; x_wconf 65' lang='lat' dir='ltr'>simui</span> 
     </span>
     <span class='ocr_line' id='line_1_35' title="bbox 169 2074 1200 2108; baseline -0.003 -5"><span class='ocrx_word' id='word_1_124' title='bbox 169 2077 216 2103; x_wconf 87' lang='lat' dir='ltr'>ubi</span> <span class='ocrx_word' id='word_1_125' title='bbox 235 2077 258 2103; x_wconf 83' lang='lat' dir='ltr'>is</span> <span class='ocrx_word' id='word_1_126' title='bbox 278 2080 360 2108; x_wconf 52' lang='grc' dir='ltr'>θροεῖ,</span> <span class='ocrx_word' id='word_1_127' title='bbox 378 2075 473 2102; x_wconf 83' lang='grc' dir='ltr'>ΕΡΙΙ).</span> <span class='ocrx_word' id='word_1_128' title='bbox 493 2076 553 2102; x_wconf 81' lang='lat' dir='ltr'>Nisi</span> <span class='ocrx_word' id='word_1_129' title='bbox 573 2075 600 2102; x_wconf 90' lang='grc' dir='ltr'><strong><em>Β</em></strong></span> <span class='ocrx_word' id='word_1_130' title='bbox 689 2077 722 2101; x_wconf 83' lang='lat'>24</span> <span class='ocrx_word' id='word_1_131' title='bbox 740 2076 853 2101; x_wconf 80' lang='lat' dir='ltr'>mellina</span> <span class='ocrx_word' id='word_1_132' title='bbox 942 2076 975 2101; x_wconf 82' lang='lat'>25</span> <span class='ocrx_word' id='word_1_133' title='bbox 994 2074 1131 2107; x_wconf 82' lang='lat' dir='ltr'>Thesprio</span> <span class='ocrx_word' id='word_1_134' title='bbox 1151 2081 1200 2100; x_wconf 86' lang='lat' dir='ltr'>om.</span> 
     </span>
     <span class='ocr_line' id='line_1_36' title="bbox 169 2119 322 2146; baseline -0.007 0"><span class='ocrx_word' id='word_1_135' title='bbox 169 2119 277 2146; x_wconf 77' lang='lat' dir='ltr'>reditur</span> <span class='ocrx_word' id='word_1_136' title='bbox 295 2119 322 2145; x_wconf 89' lang='lat' dir='ltr'><strong><em>B</em></strong></span> 
     </span>
    </p>
   </div>
   <div class='ocr_carea' id='block_1_5' title="bbox 1556 0 1596 2478">
    <p class='ocr_par' dir='ltr' id='par_1_5' title="bbox 1556 0 1596 2478">
     <span class='ocr_line' id='line_1_37' title="bbox 1556 0 1596 2478; baseline 0 0"><span class='ocrx_word' id='word_1_137' title='bbox 1556 0 1596 2478; x_wconf 95' lang='lat' dir='ltr'> </span> 
     </span>
    </p>
   </div>
  </div>
 </body>
</html>
