1596 2478
162 180 194 210 ιι,
213 182 236 212 2,
255 181 358 206 ee—so
656 182 797 215 Epidicus.
1243 186 1282 212 25

596 276 846 317 Periphanes

960 317 1058 350 Certo
1082 328 1142 358 ego
1166 318 1282 349 occidi.

621 372 816 413 Epidicus

159 425 247 456 Haec
270 426 316 457 sie
339 426 430 457 aibat
454 437 488 457 se
511 426 678 457 audiuisse
703 437 740 456 ex
765 437 863 466 eapse
888 426 1001 457 adlata
1024 426 1176 466 epistula.
1233 434 1284 459 255

589 479 844 520 Periphanes

158 532 242 570 Quid
256 543 316 573 ego
331 534 448 565 faciam
463 534 571 564 nunc?
606 532 786 564 Consilium
807 545 826 565 a
845 537 876 565 te
891 537 1073 574 expetesso,
1088 533 1282 574 Apoecides.

604 592 830 634 Apoecides

158 646 371 686 Reperiamus
396 646 521 687 aliquid
545 646 642 678 calidi
667 646 883 678 conducibilis
908 646 1038 684 consili;

156 700 238 731 Nam
263 700 318 731 ille
343 701 473 741 quidem
497 704 556 732 aut
579 701 643 732 iam
668 700 720 732 hic
745 701 858 739 aderit,
883 701 980 731 credo
999 700 1118 739 hercle,
1143 705 1200 732 aut
1218 703 1282 733 iam

647 794 653 798 .
875 755 979 786 adest.

618 814 814 854 Epidicus

990 856 1021 887 Si
1047 867 1186 897 aequom
1211 859 1282 895 siet,

156 910 207 941 Me
232 911 306 950 plus
332 922 448 951 sapere
472 922 568 952 quani
594 922 663 949 uos,
688 911 834 942 dederim
859 911 954 942 uobis
973 911 1144 942 consilium
1163 915 1282 950 catum,

157 964 250 1001 Quod
276 964 426 1003 laudetis,
450 968 486 996 ut
510 976 568 1005 ego
593 966 701 1006 opino,
726 969 872 1006 uterque.

588 1025 842 1066 Periphanes

723 1079 809 1118 Ergo
834 1079 890 1111 ubi
915 1079 947 1110 id
972 1082 1031 1117 est,
1055 1080 1214 1120 Epidice‘?
1233 1089 1284 1114 260

617 1138 812 1179 Epidicus

157 1190 328 1233 Atque'ad
354 1204 425 1224 eain
449 1204 517 1225 reni
542 1193 757 1225 conducibile.

606 1253 832 1294 Apoecides

775 1306 860 1344 Quid
884 1308 970 1339 istuc
992 1307 1124 1339 dubitas
1149 1308 1282 1340 dicere?

618 1361 817 1401 Epidicus

158 1414 222 1446 Uos
247 1415 374 1454 priores
399 1426 470 1446 esse
494 1419 635 1455 oportet,
659 1426 719 1447 nos
744 1417 905 1456 posterius
929 1416 1047 1453 dicere,

157 1467 219 1505 Qui
244 1468 317 1509 plus
340 1469 466 1509 sapitis.

593 1523 843 1564 Periphanes

506 1576 566 1607 Eia
589 1588 681 1616 uero;
707 1588 778 1618 age,
803 1577 865 1610 dic.

637 1637 841 1678 Epidicus

917 1681 958 1712 At
982 1681 1182 1712 deridebitis.

604 1723 630 1754 A
640 1734 659 1763 p
668 1735 686 1755 0
695 1734 712 1754 e
719 1734 736 1754 c
744 1725 752 1754 i
761 1723 781 1754 d
791 1734 807 1754 e
816 1734 830 1754 s

154 1764 226 1796 Non
250 1765 366 1805 edepol
391 1765 555 1797 faciemus.

615 1819 642 1850 E
650 1831 670 1860 p
679 1820 688 1850 i
697 1819 716 1851 d
725 1821 734 1851 i
744 1830 760 1851 c
769 1831 788 1851 u
799 1831 813 1851 s

597 1873 711 1912 Immo,
733 1874 761 1905 si
786 1874 939 1914 placebit,
965 1875 1068 1906 utitor

155 1925 350 1966 Consiliu1n3
374 1927 401 1958 si
425 1938 489 1958 non
515 1927 665 1967 placebit,
691 1929 870 1968 reperitote
894 1929 1023 1959 rectius.
1231 1937 1281 1963 265

155 1980 233 2012 Mihi
252 1982 326 2012 istic
343 1991 402 2012 nec
422 1981 540 2012 seritur
558 1992 617 2013 nee
635 1983 779 2020 metitur,
799 1982 861 2014 nisi
880 1993 928 2019 ea,
953 1992 1037 2023 quae
1056 1986 1091 2014 tu
1110 1983 1169 2021 uis,
1194 1983 1280 2015 uolo.

223 2077 273 2102 254
293 2076 368 2102 Cedo
463 2078 513 2103 255
532 2077 572 2103 sio
591 2078 684 2103 aiebat
703 2078 743 2104 sic
763 2078 855 2104 audiui
875 2082 935 2103 'sese
955 2078 989 2104 ab
1009 2087 1038 2103 se
1058 2082 1140 2112 atque
1159 2080 1281 2112 epistola

154 2120 204 2144 257
224 2118 399 2152 Riperiamus
471 2119 564 2145 callidi
636 2120 686 2146 260
705 2121 806 2154 opinor
878 2122 927 2147 263
946 2121 1103 2154 Eiageuero
1123 2130 1174 2154 age
1193 2121 1221 2148 Β
