1596 2478
320 181 378 210 112
829 177 920 204 Plauti
1281 178 1329 208 111,
1347 180 1431 206 9-17

434 315 788 348 ALCESIMARCHUS
832 314 1046 347 MELAENIS
1092 314 1306 348 SELENIUM

704 408 1038 440 Alcesimarchus

319 465 436 504 Recipe
460 474 509 494 me
533 462 574 493 ad
598 468 640 500 te,
665 462 762 498 Mors,
787 464 925 494 amicum
950 468 982 494 et
1007 463 1208 494 beneuolum.

773 521 794 553 S
803 533 819 554 e
827 522 838 554 1
846 533 862 553 e
872 533 890 553 n
902 523 939 554 iu
948 533 977 554 m

1224 577 1329 610 Mater
1350 588 1431 616 mea,

318 630 478 662 Periimus
501 630 649 661 miserae.

704 689 1037 721 Alcesimarchus

645 743 759 775 Utrum
783 743 844 774 hac
868 753 917 774 me
940 743 1053 775 feriam
1077 754 1116 775 an
1140 744 1181 775 ab
1205 744 1301 775 laeua
1323 743 1430 775 latus?

776 803 805 834 M
815 803 878 834 ela
887 814 902 833 e
915 814 933 834 ιι
942 804 951 834 i
961 813 975 833 s

317 845 402 884 Quid
426 846 485 877 tibi
510 846 580 877 est?

775 900 795 931 S
803 910 819 930 e
827 899 861 930 le
868 910 888 930 u
896 900 906 930 i
915 910 934 931 u
943 911 974 931 m

562 953 837 985 Alcesimarchum
858 964 923 985 nou
947 953 1061 985 uides?
1106 953 1238 984 Ferrum
1263 958 1362 986 tenet.
1381 963 1432 988 475

701 1021 1038 1053 Alcesimarchus

317 1075 445 1117 Ecquid
468 1076 558 1116 agis?
604 1075 789 1107 Remorare.
836 1075 960 1107 Lumen
983 1075 1104 1116 linque.

774 1136 795 1167 S
803 1135 863 1166 ele
872 1136 936 1166 niu
945 1146 974 1166 ω

1099 1189 1232 1227 Amabo,
1256 1189 1431 1227 adcurrite‚

317 1232 366 1264 Ne
388 1243 422 1264 se
444 1233 627 1264 interemat.

707 1291 1038 1323 Alcesimarchus

674 1345 700 1377 Ο
725 1346 830 1377 salute
852 1356 925 1377 mea
947 1346 1035 1377 salus
1058 1345 1229 1384 salubrior,

318 1399 365 1431 Tu
390 1410 484 1438 nunc,
509 1401 536 1431 si
559 1409 618 1440 ego
641 1399 716 1431 uolo
740 1410 798 1431 seu
820 1400 905 1438 nolo,
929 1399 1000 1431 sola
1023 1410 1082 1436 me,
1107 1403 1144 1430 ut
1166 1400 1286 1438 uiuam,
1309 1399 1399 1431 facis.

776 1471 808 1502 M
815 1482 832 1502 e
839 1471 851 1502 l
858 1482 878 1502 a
885 1481 901 1502 e
910 1482 929 1502 n
936 1472 947 1502 i
954 1483 968 1501 s

318 1525 415 1556 Haud
439 1525 571 1556 uoluisti
594 1526 680 1557 istuc
703 1535 854 1556 seuerum
878 1525 994 1556 facere.

711 1595 1037 1628 Alcesimarchus

991 1649 1079 1681 Nihil
1103 1659 1228 1681 mecum
1250 1649 1319 1681 tibi.

320 1704 470 1736 Mortuus
490 1704 548 1735 tibi
566 1715 651 1742 sum3
675 1704 767 1741 hanc,
786 1708 822 1735 ut
839 1704 954 1741 habeo,
973 1710 1098 1735 certum
1117 1709 1166 1735 est
1183 1714 1246 1734 non
1265 1704 1431 1742 amittere·y

319 1758 401 1789 Nam
424 1758 532 1789 hercle
556 1759 619 1789 iam
643 1758 684 1789 ad
709 1768 757 1789 me
780 1757 1001 1798 adglutinabo,
1025 1758 1099 1788 dum
1123 1758 1180 1789 tib·
1200 1757 1367 1789 decretum
1384 1762 1434 1789 est

1029 1812 1115 1843 dare.
1382 1820 1431 1845 481

404 1905 568 1932 Nominibzw
600 1905 673 1931 titula·
699 1904 948 1937 ADOLESCENS,
982 1903 1094 1936 LENA,
1129 1898 1207 1930 MER
1239 1904 1345 1930 addunt
1377 1903 1434 1930 BE

319 1950 369 1975 473
388 1948 521 1974 heniuolu
539 1947 585 1974 ΙΕ
712 1947 763 1973 474
782 1947 905 1973 Perimue
1034 1948 1085 1972 475
1104 1952 1214 1973 tenenat
1227 1946 1261 1979 B,
1280 1950 1378 1973 tenens
1397 1945 1431 1979 Ε,

320 1995 462 2018 tenentem
481 1991 500 2016 I
592 1992 642 2016 476
662 1990 701 2016 Eo
721 1990 787 2023 quid
806 1990 835 2016 E
918 1999 1102 2016 rememorare
1121 1989 1154 2021 E,
1174 1999 1210 2016 ne
1227 1997 1271 2015 me
1289 1997 1398 2015 morare
1416 1988 1436 2014 Ῑ

436 2034 559 2059 uccurite
577 2033 604 2058 B
757 2034 808 2058 478
827 2033 885 2058 sola
903 2032 930 2058 B
947 2041 981 2058 m.
1000 2041 1049 2059 sec.
1067 2032 1176 2059 addidit
1192 2036 1256 2065 post
1274 2040 1316 2057 me

320 2077 394 2102 uiam
413 2075 442 2102 E
526 2077 576 2101 479
594 2078 650 2101 Aut.
668 2074 715 2101 LE
796 2079 888 2102 istunc
905 2075 963 2101 BE
1065 2075 1291 2101 Alehosimm-cho
1310 2073 1396 2100 nichil
1414 2073 1434 2099 I

319 2121 365 2144 451
387 2118 616 2151 adglutinandam
636 2122 721 2144 totam
