1596 2478
282 163 320 192 54
325 162 343 190 6
756 158 938 185 Mostellaria.

281 257 392 285 cretici.
447 257 505 285 711
538 259 653 284 constat
684 265 719 283 ex
743 255 895 285 trochaico
919 256 1046 285 dimetro
1069 256 1242 285 catalectico
1265 257 1404 293 repetito.

283 309 428 336 712-13
465 308 634 335 tetrametri
669 307 770 336 cretici
788 304 841 343 (Ῥ).
909 308 969 336 714
1009 308 1195 345 septenarius
1229 307 1405 336 trochaicus.

282 360 342 387 714
377 359 563 395 septenarius
591 357 769 386 trochaicus.
816 359 962 387 715—-16
997 359 1162 387 tetrametri
1191 360 1301 387 cretici.
1346 359 1406 387 717

283 411 418 437 trimeter
453 409 620 437 trochaicus
648 409 735 437 catal.
778 410 839 438 718
868 409 994 438 dimeter
1029 410 1154 438 creticus
1188 419 1252 438 cum
1287 409 1407 447 dipodia

282 460 443 488 trochaica.
487 461 547 489 719
579 461 805 498 semiquinarius
834 459 1002 489 trochaicus
1032 470 1096 489 cum
1127 461 1252 489 dimetro
1287 461 1406 489 cretico.

283 512 430 539 720—22
443 512 609 539 tetrametri
633 512 744 540 cretici.
781 511 840 540 723
859 512 1047 550 septenarius
1070 511 1246 540 trochaicus.
1282 511 1343 539 724
1366 514 1407 538 te-

285 565 426 589 trameter
449 563 584 591 creticus·
638 563 697 591 725
723 562 848 591 dimeter
870 563 995 591 creticus
1018 572 1082 591 cum
1106 561 1238 600 tripudia
1260 562 1409 590 trochaica

284 612 466 642 catalectica.
514 614 573 642 726
602 614 786 652 septenarius
815 613 993 642 trochaicus.
1047 614 1192 642 727—30
1217 612 1334 641 iambici
1357 622 1407 641 oc·

285 664 403 691 tonarii.
451 665 509 693 731
535 666 720 703 septenarius
743 665 894 694 iambicus.

372 717 442 744 ¹705.
478 715 583 744 Hiatus
612 717 641 744 in
671 716 786 746 diaeresi
809 719 878 754 post
900 715 1057 744 secundum
1082 717 1232 744 creticum.
1270 729 1302 734 —
1338 717 1408 744 706.

289 764 372 803 Quid
397 764 486 804 nqis?
532 767 576 796 De
609 768 750 796 universa
783 768 846 795 eius
875 766 1045 795 valetudine
1075 768 1198 804 quaerit3
1232 776 1336 795 servus
1364 777 1409 794 re-

285 818 412 856 spondet
435 819 517 856 quasi
541 818 578 846 de
601 818 688 846 huius
711 818 850 846 momenti
875 820 942 846 actu
971 819 1138 855 quoesisset,
1173 818 1209 846 cs.
1234 817 1312 846 Mon.
1340 818 1408 846 140.

288 868 386 904 teneo3
422 879 488 898 nam
519 879 620 898 manus
649 870 728 897 inter
755 879 786 897 se
815 869 975 903 dederunt,
1010 879 1062 898 nec
1085 869 1294 897 Atheniensem
1317 870 1409 896 civem

287 921 448 949 dedecebat
473 921 567 949 amice
591 923 622 949 et
644 921 832 949 familiariter
854 930 918 948 cum
938 930 1024 949 servo
1044 920 1183 957 colloqui,
1207 920 1242 948 cf.
1259 919 1410 948 Demosth.

288 972 363 1000 Phil.
395 973 429 1007 3,
462 973 494 1001 3:
531 973 646 1004 πολλοὶ-ς
678 972 710 999 ἄν
739 983 777 1004 τις
805 971 908 1003 οἰκέτας
935 971 988 999 ἴδοι
1016 973 1074 1007 παῤ
1101 971 1164 1008 ὑμῖν
1191 971 1258 1008 μετὰ
1287 971 1410 1001 πλείονος

287 1025 411 1055 ἐξουσίας
435 1023 449 1051 ὅ
471 1034 495 1050 τι
517 1024 657 1060 βούλονται
674 1024 800 1061 λέγοντας
817 1024 831 1057 ἢ·
849 1024 960 1054 πολίτας
977 1025 1004 1050 ἐν
1023 1024 1103 1054 ἐνίαις
1121 1023 1173 1050 τῶν
1191 1023 1278 1049 azzor
1295 1022 1410 1050 πόλεων.

288 1074 366 1103 Plut.
381 1075 416 1104 de
433 1075 613 1112 garrulitate
630 1075 681 1103 18:
706 1074 720 1101 ὃ
742 1075 855 1106 Ἀττικὸς
872 1070 992 1110 (δοῦλος)
1011 1076 1065 1111 ἐρεῖ
1085 1074 1122 1110 τῷ
1139 1073 1258 1109 δεσπότῃ
1276 1073 1412 1105 σκάπτων,

289 1126 330 1162 ἐφ’
354 1123 394 1158 οἷς
415 1127 562 1164 γεγόνασιν
585 1126 613 1153 αἱ
636 1126 776 1157 διαλύσεις.
799 1140 840 1144 -
870 1126 929 1153 707
954 1135 997 1162 sq.
1023 1124 1132 1153 Versus
1157 1125 1302 1162 discripsi,
1326 1127 1360 1152 ut
1382 1125 1412 1152 in

286 1179 313 1206 A
336 1188 399 1206 esse
424 1177 495 1206 dicit
519 1176 760 1215 Geppert.Stud.
783 1176 813 1204 II
836 1186 865 1214 p.
887 1177 940 1211 70;
965 1175 1016 1204 sed
1039 1185 1104 1213 quae
1128 1175 1217 1210 edidi,
1242 1185 1301 1203 uno
1325 1185 1412 1203 versu

289 1228 536 1266 comprehendere
571 1228 680 1256 malim.
750 1222 884 1263 „habeo“
920 1226 1078 1255 delendum
1113 1237 1176 1256 esse
1211 1235 1311 1254 omnes
1345 1226 1412 1254 edd.

288 1281 445 1315 viderunt3
479 1280 568 1307 etiam
600 1278 667 1314 „te“
700 1279 775 1307 male
805 1278 946 1307 abundat.
1003 1284 1055 1315 690
1078 1277 1194 1306 addidit
1217 1277 1263 1306 ed.
1287 1287 1347 1314 pr.,
1383 1276 1416 1306 at

289 1332 385 1369 Cam,
415 1331 448 1359 R.
477 1331 535 1364 „At
557 1329 688 1358 hercle“.
744 1329 796 1357 Vv.
823 1330 948 1358 706—8
972 1329 1080 1367 Speng.
1105 1328 1169 1357 Res.
1201 1338 1231 1366 p.
1260 1328 1317 1356 132
1341 1337 1413 1356 ana-

289 1383 425 1421 paesticos
453 1382 534 1410 facit.
569 1396 611 1400 —
651 1382 722 1409 709.
753 1380 835 1410 Cam.
864 1381 910 1409 ed.
945 1379 1019 1415 „Eia
1116 1380 1190 1409 redi.
1224 1379 1285 1408 TR.
1314 1377 1413 1414 Iam“;

289 1434 340 1462 sed
377 1432 468 1469 „Eia“
507 1433 683 1461 admirantis
719 1435 779 1466 est,
820 1442 877 1460 non
906 1432 1053 1468 vocantis,
1094 1442 1121 1460 v.
1152 1430 1190 1459 ad
1219 1430 1306 1468 Epid.
1343 1431 1413 1459 263.

290 1485 396 1522 Itaque
431 1494 494 1513 cum
525 1483 547 1512 C
580 1481 690 1512 Etiam
723 1482 924 1517 scribendum,
959 1485 990 1510 et
1023 1482 1130 1511 deinde
1163 1478 1270 1510 redis?
1305 1481 1342 1509 cf.
1377 1481 1414 1510 ad

290 1538 371 1565 Asin.
397 1537 457 1564 670
482 1538 511 1563 et
535 1536 606 1564 707.
635 1549 677 1554 —
705 1531 761 1562 isti
784 1533 818 1562 B..
865 1533 1089 1571 Theopropides
1118 1534 1276 1570 impatiens
1298 1542 1416 1561 servum

291 1589 328 1616 ad
351 1597 382 1616 se
406 1590 540 1621 revocat3
575 1587 600 1614 is
624 1584 787 1623 respondet
809 1595 840 1613 se
863 1586 996 1613 actutum
1020 1586 1185 1612 venturum.
1232 1583 1341 1612 Parum
1363 1593 1415 1620 op-

291 1642 423 1677 portuno
458 1638 524 1667 loco
559 1637 605 1665 hic
632 1645 736 1664 versus
764 1636 930 1664 editoribus
959 1635 1074 1672 positus
1103 1636 1183 1663 visus
1206 1637 1266 1669 θεὶς
1302 1634 1414 1662 Camer.

292 1692 361 1727 post
385 1690 444 1718 588
468 1689 577 1727 posuit,
602 1687 636 1716 R.
661 1690 729 1725 post
752 1688 829 1722 '7263
858 1696 961 1715 verum
990 1687 1088 1714 neutri
1113 1686 1177 1714 loco
1201 1686 1305 1714 melius
1328 1695 1415 1722 quam

293 1744 394 1769 nostro
418 1740 564 1768 convenit.
586 1753 628 1758 —
653 1739 713 1766 710
738 1748 802 1776 sqq.
827 1737 906 1766 Simo
930 1737 1038 1774 quaerit
1061 1736 1097 1765 de
1121 1736 1208 1765 rebus
1233 1735 1416 1764 Philolache-

291 1793 345 1827 tis;
380 1801 445 1819 nam
479 1793 564 1819 tanta
599 1790 718 1818 luxuria
753 1789 938 1826 assiduisque
975 1788 1121 1817 conviviis
1151 1797 1211 1815 rem
1241 1787 1416 1815 familiarem

293 1843 375 1870 brevi
399 1842 586 1879 absumptum
612 1842 648 1869 iri
671 1841 849 1879 suspicatur.
903 1839 1072 1868 Sententias
1095 1848 1162 1866 suas
1186 1838 1347 1875 abrumpit,
1371 1838 1415 1866 in-

294 1897 394 1930 ceptas
428 1893 500 1920 sutis
535 1892 661 1929 intelligi
695 1900 782 1929 posse
811 1890 982 1918 arbitratus.
1038 1885 1122 1925 Quid
1142 1887 1247 1917 nunc?
1282 1889 1319 1917 cf.
1344 1889 1416 1917 665.

294 1943 352 1972 Cic.
382 1944 411 1970 in
435 1939 534 1971 Pison.
561 1943 616 1979 30,
642 1944 698 1976 73,
730 1941 779 1969 ubi
808 1941 972 1969 necessario
1002 1940 1283 1977 interpungendum:
1321 1938 1417 1974 „Quid

295 1994 393 2022 nunc?
424 1996 468 2028 te,
499 1995 581 2021 asine
610 1991 697 2021 cet.“.
748 1989 799 2021 laic
826 1992 881 2020 hoc
904 2001 990 2020 versu
1015 1991 1049 2018 A.
1074 2004 1113 2010 —
1139 1991 1198 2018 711
1224 1999 1259 2018 ex
1282 1989 1308 2018 A
1331 1989 1416 2017 resti-

295 2047 386 2079 tutus,
411 2053 435 2072 v.
451 2044 545 2081 Gepp.
561 2053 588 2081 p.
605 2044 654 2077 70,
677 2043 727 2080 qui
754 2043 837 2078 „sois‚
862 2042 902 2070 ibi
926 2042 997 2079 quid
1021 2042 1099 2070 solet
1122 2039 1226 2070 fieri?“
1253 2039 1418 2075 scribebat3

295 2095 374 2126 unde
397 2104 464 2133 ego:
499 2090 569 2123 Scis
593 2091 659 2132 (aut
682 2090 772 2130 Scin)
796 2092 842 2128 tu,
871 2088 925 2120 ibt.
964 2106 1002 2111 —
1040 2092 1182 2129 „loquat-‘¹
1214 2091 1299 2119 abest
1321 2090 1358 2119 ab
1380 2091 1415 2118 A.
