1596 2478
140 178 172 210 v,
190 179 215 210 2,
234 179 318 205 3—17
636 179 778 212 Epidicus.
1228 180 1268 210 57

578 272 830 313 Periphanes

139 325 240 364 Tace;
264 326 333 357 sine
358 325 453 357 modo
478 336 527 357 me
552 326 714 358 hominem
740 327 854 367 apisci.

583 411 814 451 Apoecides

739 464 819 496 Dico
844 474 902 504 ego
927 465 988 496 tibi
1011 465 1086 503 iam,
1109 468 1146 496 ut
1169 464 1264 496 scias.

140 517 246 549 Alium
270 518 331 550 tibi
349 522 380 549 te
400 518 517 549 melius
536 519 689 549 comitem
711 528 884 558 quaerere3
909 518 966 556 ita,
990 519 1066 550 dum
1085 522 1118 550 te
1137 529 1267 560 sequor,

142 571 350 604 Lassitudine
374 572 567 604 inuaserunt
590 573 712 604 misero
738 572 769 603 in
794 582 897 612 genua
923 571 1063 604 flemina.

573 656 826 697 Periphanes

140 710 227 749 Quot
249 710 316 742 illic
338 710 436 743 homo
460 711 557 742 hodie
582 721 631 742 me
656 711 816 751 exemplis
840 711 1042 742 ludificatust
1066 714 1166 751 atque
1190 711 1239 742 te!

140 764 183 797 Ut
206 764 272 796 illic
295 768 406 796 autem
429 765 635 797 exenterauit
659 764 737 795 mihi
762 775 841 805 opes
866 765 1091 805 argentarias!
1215 773 1266 798 670

588 850 614 880 A
651 849 816 881 oecides

139 903 250 944 Apage
273 903 364 935 illum
388 914 407 935 a
430 914 496 942 me3
526 914 602 935 nam
622 860 687 934 Iille
712 903 844 943 quidem
870 902 1007 934 Uolcani
1031 903 1143 934 iratist
1165 903 1265 942 filius;

139 956 276 997 Quaqua
299 958 414 998 tangit,
439 967 533 989 omne
557 957 717 996 amburit3
743 958 771 989 si
795 956 919 995 adstes,
943 960 1038 989 aestu
1062 956 1221 988 calefacit.

603 1042 799 1083 Epidicus

138 1095 318 1127 Duodecim
337 1095 369 1127 di
389 1099 422 1127 et
440 1095 512 1136 plus
533 1107 633 1136 quam
652 1097 684 1127 in
703 1096 793 1128 caelo
813 1097 948 1128 deorum
967 1099 1018 1128 est
1029 1095 1265 1133 inmortalium,

137 1149 218 1181 Mihi
241 1159 326 1181 nunc
349 1149 471 1181 auxilio
496 1149 664 1182 adiutores
690 1154 766 1182 sunt
790 1154 822 1182 et
846 1160 971 1182 mecum
995 1149 1147 1181 militant.

138 1202 303 1244 Quidquid
323 1214 381 1244 ego
402 1203 486 1235 male
505 1203 575 1238 feci.
596 1204 720 1235 auxilia
739 1204 818 1236 mihi
838 1207 870 1235 et
890 1204 1062 1245 suppetiae
1077 1206 1155 1235 sunt
1167 1202 1266 1234 domi.

137 1257 329 1298 Apolactizo
354 1258 504 1289 inimicos
529 1258 645 1289 omnis.

572 1343 829 1383 Periphanes

646 1396 707 1428 Ubi
731 1397 822 1428 illum
847 1407 1003 1436 quaeram
1027 1397 1197 1437 gentium?
1217 1405 1268 1430 676

587 1474 613 1504 A
622 1484 642 1514 p
651 1483 669 1504 0
679 1483 695 1504 e
704 1473 738 1504 ci
749 1473 768 1504 d
779 1483 795 1504 e
804 1484 819 1504 s

138 1526 224 1558 Dum
242 1526 311 1558 sine
329 1537 379 1558 me
399 1537 548 1567 quaeras,
572 1537 712 1567 quaeras
732 1537 805 1558 mea
822 1536 922 1558 causa
939 1527 992 1558 uel
1005 1526 1111 1558 medio
1123 1527 1157 1558 in
1172 1527 1264 1558 mari.

604 1612 631 1643 E
669 1612 803 1644 idicus

140 1665 225 1704 Quid
259 1677 310 1697 me
345 1666 498 1707 quaeris?
538 1666 618 1706 quid
641 1624 810 1697 plaboras?
852 1665 931 1706 quid
965 1665 1053 1697 hunc
1088 1665 1268 1697 sollicitas?

859 1720 944 1751 Ecce
968 1730 1028 1759 me,

139 1773 222 1805 Num
246 1776 277 1805 te
300 1773 391 1814 fugi?
419 1784 496 1805 num
525 1773 567 1805 ab
592 1774 689 1805 domo
715 1773 856 1805 absum?
887 1784 965 1805 num
995 1772 1098 1805 oculis
1123 1773 1269 1805 concessi

862 1827 948 1859 tuis?

139 1869 252 1909 Neque
278 1893 511 1901 ........
1218 1878 1270 1904 680

207 1987 258 2013 666
276 1987 350 2014 Tace
369 1988 406 2014 sis
425 1987 510 2014 modo
529 1988 588 2014 sine
739 1988 789 2014 667
808 1990 835 2013 te
854 1987 953 2013 melius
972 1988 1105 2014 comitem
1123 1990 1151 2014 te
1169 1988 1268 2014 melius

138 2029 189 2055 668
206 2029 414 2056 Lassitudinem
433 2030 460 2056 B
568 2030 618 2056 669
638 2029 719 2063 Quod
737 2030 778 2056 illi
797 2029 883 2056 hodie
901 2029 929 2056 Β
1037 2030 1088 2056 672
1107 2030 1131 2056 si
1149 2031 1267 2064 propius

140 2074 246 2098 astesta
264 2080 293 2099 es
312 2075 342 2099 tu
412 2073 463 2098 673
482 2072 540 2099 deis
559 2072 622 2106 plus
701 2073 752 2098 674
771 2072 866 2098 auxilo
945 2073 996 2099 677
1015 2081 1124 2106 quaeras
1143 2073 1222 2100 semel
1240 2072 1268 2098 B

209 2114 253 2141 uel
272 2122 322 2142 om.
341 2115 368 2141 Α
438 2116 489 2141 678
507 2122 617 2148 quaeras
689 2116 739 2141 680
758 2123 807 2141 om.
827 2114 854 2140 Β
