1596 2478
327 182 338 210 l
345 181 385 210 64
831 176 940 203 Casius.

326 277 395 304 195.
421 289 457 294 -
485 275 546 303 810
570 271 648 312 quid
669 276 739 311 post
760 271 865 302 omnia
887 284 991 312 parum
1015 276 1152 302 accurate
1171 273 1306 309 infertur,
1329 276 1363 302 ut
1386 283 1444 303 non

324 336 393 354 raro
417 325 451 354 fit
474 327 503 354 iu
527 325 680 354 sententiis
705 325 847 359 relativis,
871 334 898 352 v.
923 324 959 352 ad
978 324 1084 362 Amph.
1105 325 1176 353 959.
1200 339 1241 343 —
1265 325 1336 353 811.
1361 321 1446 353 Pone

323 385 380 406 me.
415 376 537 404 Sensum
561 375 743 404 intellexisse
765 375 885 403 videtur
903 374 1071 413 Geppertus
1098 375 1169 410 „Sta
1185 385 1261 413 pone
1283 374 1347 403 me“
1374 376 1447 403 scri-

324 428 405 456 bens.
451 426 526 455 Mihi
544 427 607 454 veri
625 426 752 454 similius
774 426 901 461 videtur,
925 429 995 464 post
1017 423 1126 454 amabo
1149 426 1272 454 verbum
1295 426 1346 454 sta
1369 426 1447 454 exci-

325 478 412 511 disse,
432 479 555 515 eiusque
572 478 636 506 loco
653 478 815 512 librarium,
835 487 924 514 quum
943 477 1015 514 quid
1034 477 1139 506 fuisset
1155 487 1259 515 parum
1277 480 1446 515 appareret,

325 538 457 567 personae
491 531 607 564 notam,
642 538 707 566 quae
736 529 792 557 toti
822 529 920 556 versui
950 528 1083 566 praeponi
1107 528 1247 563 debebat,
1284 538 1348 556 cum
1378 538 1446 556 con-

325 581 475 608 iunctione
503 577 582 614 „et“,
607 588 674 616 quae
697 578 765 607 huic
788 579 852 607 loco
875 589 981 616 parum
1005 580 1151 614 convenit,
1175 579 1318 617 posuisse.

411 631 482 659 813.
507 630 644 668 Olympio
667 630 729 658 exit
750 629 872 658 turbato
895 631 1001 658 animo.
1054 630 1248 667 Auspaesticis
1271 632 1448 668 septenariis

325 682 460 719 loquitur
493 685 524 709 et
546 681 709 709 octonariis
733 678 920 718 (817—20).
979 681 1151 718 Sequuntur
1173 682 1274 710 cretici
1299 683 1357 710 821
1383 692 1446 720 sqq.

327 734 387 762 825
422 742 509 770 anap.
539 732 683 760 trimeter.
741 733 801 760 826
837 742 922 770 anap.
953 733 1032 761 trim.
1063 731 1244 769 hypercatsl.
1302 733 1448 761 827—28

327 794 412 822 anap.
437 783 591 812 octonarii.

414 835 485 863 814.
525 832 759 870 superauimus,
800 844 839 863 sc.
874 838 988 862 ceteros
1022 844 1136 869 omnes,
1179 835 1215 863 cf.
1251 834 1341 863 Stich.
1379 835 1448 863 366.

328 901 369 905 -
400 886 471 914 815.
499 882 620 921 pudeo,
655 885 695 913 sic
731 886 953 923 antiquissimos
983 885 1093 913 dixisse
1122 888 1250 913 testatur
1281 885 1451 913 Priscianus
1507 921 1510 924 ι

327 937 485 965 Partition.
515 935 571 963 XII
605 946 743 964 versuum
774 936 918 964 AEneidos
951 947 981 974 p.
1016 937 1105 964 1249.
1142 951 1179 954 ·—
1214 933 1382 964 inridit-ulo
1415 937 1449 971 A,

328 988 363 1015 cf.
396 987 483 1015 Poen.
517 988 608 1015 1181.
638 1002 678 1006 —
715 988 784 1015 816.
821 995 909 1025 quem
938 989 972 1015 A.
1008 1002 1049 1006 —
1085 988 1155 1015 817.
1184 985 1323 1023 pretiwm
1354 990 1452 1016 exstat

328 1039 357 1067 in
381 1039 416 1066 A.
444 1053 486 1056 —
520 1039 592 1066 818.
627 1045 704 1075 quae
735 1045 787 1074 esso
821 1047 886 1066 cum
916 1038 998 1067 hiatu
1029 1038 1162 1075 legenda.
1194 1053 1230 1057 —
1265 1034 1389 1066 tut-bani
1415 1039 1450 1066 A.

328 1104 368 1108 -
399 1090 469 1117 819.
501 1085 558 1117 hac
581 1088 676 1126 Gepp.
712 1104 754 1108 —
786 1090 871 1118 recta
893 1087 947 1118 uia
970 1091 1004 1117 A.
1039 1103 1080 1107 ——
1114 1087 1148 1116 in
1171 1085 1314 1117 conclaue
1336 1090 1451 1126 scripsi.

328 1139 424 1176 Gepp.
439 1139 468 1166 in
481 1140 506 1167 A
519 1139 607 1176 legit:
631 1141 678 1174 „in
691 1150 724 1168 co
739 1162 870 1168 .......
885 1138 997 1175 claue“‚
1012 1140 1090 1168 unde
1103 1139 1188 1168 fecit:
1212 1141 1259 1174 „in
1272 1140 1451 1169 concubina-

329 1188 457 1226 culum“‚
480 1200 672 1227 quamquam,
701 1194 735 1218 ut
759 1192 815 1226 ait,
844 1192 926 1220 locus
949 1192 1017 1219 huic
1040 1191 1104 1219 voci
1127 1200 1185 1219 non
1215 1193 1365 1229 suppetit,
1401 1202 1453 1220 nec

328 1251 385 1270 vox
407 1241 473 1278 ipsa
495 1240 646 1269 credibilis
669 1244 721 1270 est.
768 1242 863 1280 Vulgo
886 1243 998 1270 editur:
1026 1242 1157 1276 „clauem
1181 1241 1326 1277 obduxi“;
1352 1253 1452 1271 verum

327 1302 384 1321 non
409 1292 508 1327 clavis,
531 1292 583 1320 sed
608 1302 674 1320 sera
697 1296 749 1320 aut
772 1293 945 1330 repagulum
969 1293 1136 1321 obducitur.
1156 1308 1197 1311 —
1217 1294 1287 1321 820.
1314 1292 1450 1329 „tamen“

328 1352 429 1371 verum
453 1352 516 1370 esse
540 1352 599 1371 non
622 1346 735 1380 potest;
760 1354 795 1372 ex
819 1343 1023 1381 dittographia
1041 1347 1138 1372 ortum
1157 1347 1238 1382 put0.
1252 1359 1293 1363 -—
1312 1342 1346 1372 in
1359 1343 1452 1381 puteo

329 1400 398 1422 cum
415 1394 455 1428 A3
479 1393 545 1421 inB
564 1396 594 1422 et
613 1393 625 1421 Ι
649 1394 754 1422 lacuna
771 1394 926 1423 iudicatur.
979 1395 1053 1423 Tum
1077 1392 1176 1424 abste-t
1198 1395 1312 1432 scripsi.
1358 1395 1453 1424 Senex

328 1444 459 1482 gladium
493 1445 600 1473 timens
634 1445 876 1483 appropinquare
910 1456 968 1474 non
1003 1446 1102 1474 audet.
1171 1446 1383 1474 Couiunctivus
1417 1457 1453 1475 ne

329 1505 414 1533 quem
446 1495 589 1531 offendat,
624 1505 652 1524 v.
681 1496 716 1524 ad
747 1496 810 1524 Mil.
845 1498 934 1525 1280.
979 1497 1098 1525 Trucul.
1126 1498 1194 1524 161.
1224 1511 1266 1516 --
1297 1497 1354 1525 821
1388 1507 1451 1535 sqq.

329 1546 476 1581 Quattuor
487 1556 625 1575 versuum
639 1548 734 1574 exitus
747 1547 845 1575 hausit
856 1547 976 1583 lacuum
1000 1549 1098 1584 primo
1110 1548 1258 1576 succurrit
1270 1549 1295 1575 A
1309 1544 1454 1577 blandior

330 1596 450 1625 addens.
485 1611 527 1615 ——
563 1598 633 1625 822.
668 1595 796 1634 nuptias
818 1606 973 1635 exsequar
1000 1599 1132 1637 suppleri
1162 1602 1270 1636 potest.
1305 1614 1347 1618 —
1381 1600 1453 1628 825.

330 1645 441 1684 stupri,
467 1648 649 1684 concubitus,
675 1649 754 1685 quod
779 1649 910 1686 Langen.
931 1649 1020 1677 Beitr.
1045 1660 1074 1688 p.
1097 1651 1154 1678 195
1181 1649 1257 1677 male
1280 1650 1454 1688 impugnare

330 1701 463 1727 conatur.
501 1714 537 1717 —
575 1699 645 1727 827.
680 1700 815 1729 Alterum
847 1698 942 1735 „iam“
974 1700 1030 1728 del.
1060 1700 1196 1728 Weisius.
1261 1700 1318 1728 Sed
1353 1710 1454 1730 versus

329 1752 441 1787 septem
475 1753 642 1787 anapaestos
677 1751 781 1787 habet,
815 1754 850 1779 ut
878 1752 939 1780 veri
970 1751 1065 1778 simile
1095 1752 1133 1779 sit
1166 1760 1265 1779 vocem
1299 1752 1452 1781 excidisse.

330 1800 453 1838 Speng.:
491 1800 595 1835 „Enim
625 1801 682 1829 ism
705 1803 835 1837 crucior⁷
865 1803 957 1839 magis
981 1803 1039 1830 iam
1063 1801 1263 1840 adpropero“‚
1292 1803 1342 1830 vix
1365 1806 1454 1832 recte.

331 1848 438 1886 Enim,
463 1852 498 1880 cf.
522 1853 554 1880 af
575 1851 666 1880 Mero.
692 1853 762 1882 248.
792 1868 834 1872 —-
868 1854 938 1882 828.
967 1849 1067 1887 forem
1095 1850 1174 1881 obtlo
1203 1854 1358 1882 manifesto
1388 1863 1453 1882 cor-

332 1905 453 1939 ruptum
477 1906 532 1931 est.

418 1954 477 1981 829
512 1955 647 1982 trimeter
680 1958 886 1993 anapaesticus.
944 1956 1085 1983 830-31
1123 1958 1251 1991 systema
1285 1956 1452 1984 iambicum.

333 2005 393 2031 832
423 2007 597 2033 tetrameter
625 2007 830 2043 annpaesticus.
887 2007 946 2034 833
979 2008 1113 2034 trimeter
1143 2016 1228 2044 uunp.
1292 2008 1352 2035 834
1383 2010 1451 2035 tetr.

333 2064 418 2092 nnnp.
437 2055 525 2083 catal.
573 2059 643 2090 Quae
665 2061 829 2094 sequuntur
852 2057 938 2085 nimis
963 2057 1059 2085 luceru
1081 2060 1158 2092 suut,
1183 2067 1270 2094 quam
1296 2061 1328 2086 ut
1351 2068 1454 2086 versus
