1596 2478
329 174 387 204 146
833 169 925 197 Plauti
1247 169 1279 203 V,
1298 172 1322 204 1,
1339 171 1442 198 27—85

810 263 960 296 Tranio

325 319 358 352 Si
382 318 511 361 quidem
536 318 591 359 pol
614 329 663 350 me
687 318 832 360 quaeris,
863 317 978 350 adsum
1008 328 1162 360 praesens
1186 318 1348 359 praesenti
1370 317 1440 350 tibi.

730 394 1036 436 Theopropides

323 450 425 490 Euge,
448 449 578 481 Tranio.
624 448 709 487 Quid
734 449 863 490 agitur?

806 526 832 558 T
839 536 856 557 r
864 536 884 558 a
891 536 912 558 n
919 527 930 557 i
937 537 956 558 ο

904 579 1046 611 Ueniunt
1070 590 1144 611 rure
1167 580 1298 619 rustici3

321 634 526 666 Philolaches
550 635 613 666 iam
638 634 690 666 hic
714 634 829 666 aderit.

728 710 1040 751 Theopropides

800 764 926 804 Edepol
951 764 1027 796 mihi
1052 769 1234 806 opportune
1258 764 1436 797 aduenerit.

322 820 477 852 Nostrum
507 830 566 860 ego
591 819 676 850 hunc
699 819 839 850 uicinum
864 819 979 860 opinor
1003 830 1072 851 esse
1096 819 1258 850 hominem
1282 819 1437 850 audacem

1033 877 1066 905 et
1088 873 1218 905 malum.
1372 882 1438 907 1060

319 987 381 1026 QUi
406 988 505 1019 dum?
805 945 951 976 Tranio

725 1046 1037 1088 Theopropides

543 1102 625 1140 Quia
648 1105 746 1141 negat
769 1102 900 1133 nouisse
922 1111 990 1132 uos.

799 1178 944 1210 Tranio

1034 1232 1160 1272 Negat?

723 1303 1028 1345 Theopropides

1198 1345 1266 1377 Nec
1290 1357 1348 1378 uos
1371 1346 1431 1377 sibi

317 1402 489 1433 Nummum
513 1411 664 1442 umquam
689 1401 816 1441 argenti
841 1401 979 1432 dedisse.

798 1471 945 1503 Tranio

782 1526 852 1563 Abi,
875 1525 961 1557 ludis
987 1536 1052 1565 me;
1079 1525 1186 1564 credo,
1210 1525 1298 1557 haud
1322 1529 1428 1567 negat.

723 1596 1031 1638 Theopropides

316 1651 416 1683 Immo
437 1651 553 1692 edepol
573 1655 667 1691 negat
687 1651 842 1692 profecto,
860 1661 964 1692 neque
984 1661 1018 1682 se
1037 1651 1132 1682 hasce
1147 1651 1238 1682 aedis
1251 1650 1431 1683 Philolachi

315 1704 521 1737 Uendidisse.

796 1764 945 1797 Tranio

528 1818 598 1850 Eho
622 1828 663 1850 an
687 1819 820 1859 negauit
842 1818 903 1850 sibi
928 1818 1040 1850 datum
1063 1823 1243 1858 argentum,
1267 1818 1430 1851 obsecro?

383 1937 448 1962 1057
466 1936 592 1976 squidem
603 1936 624 1962 C
677 1937 742 1963 1058
760 1936 838 1962 ranio
854 1936 921 1970 quid
930 1936 1016 1969 igitur
1027 1936 1049 1963 G
1100 1937 1156 1963 ruri
1211 1937 1276 1963 1059
1294 1944 1344 1963 om.
1359 1936 1381 1963 G

313 1979 424 2005 adherit
440 1978 465 2005 B
518 1982 655 2012 opurtuno
675 1979 807 2005 aduenies
822 1978 848 2004 Β
903 1980 966 2005 1060
986 1979 1039 2006 huc
1093 1979 1213 2005 inciunm
1227 1979 1250 2006 C
1300 1980 1363 2005 1061
1383 1979 1429 2013 qui

364 2022 461 2047 nouise
515 2030 564 2047 nor
586 2021 609 2048 Ο
667 2022 730 2048 1062
748 2021 979 2055 Nummumquam
1037 2022 1140 2055 argetei
1160 2022 1194 2055 B,
1214 2022 1338 2055 argentei
1358 2021 1380 2047 0

313 2072 383 2097 nega
394 2065 415 2088 (ἔ
467 2064 595 2098 Sequitur
614 2065 642 2091 in
659 2065 695 2091 B:
715 2064 787 2098 Quid
807 2064 879 2090 iam?
898 2064 953 2090 ΤΒ.
974 2065 1034 2090 Scis
1053 2065 1152 2090 locaris
1172 2069 1201 2090 tu
1221 2072 1295 2090 nunc
1314 2068 1344 2090 tn
1365 2072 1427 2090 uam

312 2107 357 2132 ille
376 2107 487 2140 quidem
508 2107 574 2132 haut
594 2112 678 2140 negat.
734 2108 799 2134 1063
818 2107 962 2133 huscaedis
1019 2108 1082 2133 1064
1101 2106 1324 2134 Uendidisse.re
1343 2107 1396 2133 eho
1409 2106 1432 2133 C'
