1561 2473
296 175 358 206 420
769 175 943 201 Menaeohmi.

296 271 389 300 stulnt
412 271 550 310 Spengel.
574 271 718 309 Philolog.
741 271 843 301 XXIII
865 283 894 311 p.
920 273 989 307 560,
1013 276 1047 301 ut
1064 283 1090 302 v.
1107 274 1176 302 548.
1201 288 1238 293 ·-
1265 275 1410 304 583-88

295 323 462 351 octonarios
485 323 591 361 scripsi
615 333 679 352 oum
702 323 743 359 B;
783 323 884 352 eodem
909 324 973 352 iure
997 325 1177 362 quaternarii
1201 325 1410 360 discribuutur.

296 384 323 402 v.
348 374 503 411 Kiessling.
528 374 591 404 Iud.
615 375 706 404 schol.
731 375 896 412 Gryphisw.
919 376 997 404 1878
1022 386 1050 414 p.
1066 376 1093 404 6.
1118 391 1158 395 —
1183 377 1252 405 583.
1276 375 1414 414 covait

297 425 341 453 ed.
367 435 411 463 pr.
446 440 488 445 —
522 427 592 455 584.
626 424 752 463 inspeoei
778 424 858 455 meis
880 427 937 462 id.;
971 427 1004 456 R.
1032 427 1224 465 „inspexim“,
1255 429 1288 456 cf.
1314 432 1412 458 tamen

296 487 363 505 ann.
393 477 430 505 ad
458 477 565 515 Amph.
596 478 666 506 684.
699 492 735 498 -
769 480 838 508 585.
874 475 969 508 Βίωνι
1002 477 1125 516 corrupi
1157 479 1315 516 optumum
1347 490 1412 509 cum

296 528 377 557 hiatu
412 528 585 567 legendum3
620 529 732 558 Ritsch.
757 529 818 559 haec
851 532 885 558 ut
917 530 1064 567 glossema
1097 530 1217 559 delevit.
1275 531 1322 560 Br.
1347 541 1412 560 eum

297 582 414 609 secutus
437 580 523 608 etiam
548 581 698 619 proximas
720 582 882 610 sententias
905 581 998 610 locum
1022 581 1100 609 inter
1123 591 1153 610 se
1177 585 1290 611 mutare
1308 583 1412 612 voluit.

296 630 432 660 Mueller.
461 631 545 661 Pros.
575 642 604 670 p.
636 633 695 662 617
730 642 793 661 cum
828 632 1042 661 Rittershusio:
1087 633 1234 671 „opimum
1269 635 1340 663 iussi
1375 635 1414 664 mi

297 684 435 721 apparari
470 683 658 722 prandium“.
694 699 734 704 —
770 685 840 714 586.
876 683 923 713 est
954 681 1075 713 licitum
1108 684 1193 713 codd.
1223 695 1287 714 cum
1318 686 1412 716 hiatu.

297 734 393 763 Guiet.
417 735 526 773 aliique
550 738 678 774 transp:
718 737 851 772 „licitum
874 734 949 765 est“.
973 750 1015 754 —
1045 737 1103 764 589
1134 737 1266 774 spurium
1296 740 1414 767 censent

298 786 377 815 Brix.
402 786 508 824 Speng.
532 802 567 806 —
595 788 665 817 590.
692 784 776 825 Quid
791 786 864 817 ais?
887 787 1037 816 Parasitus
1056 791 1220 816 matronam
1244 789 1412 826 alloquitur.

296 852 337 857 —
367 834 461 867 Satin
484 839 550 867 edd.
585 853 626 858 —
663 840 731 868 591.
767 836 866 868 Mane
889 843 942 868 cet.
1001 840 1067 868 Haec
1090 839 1124 868 R.
1149 849 1213 868 cum
1237 839 1260 868 B
1282 842 1414 878 parasito

297 889 394 924 dedit,
419 891 588 928 superiores
611 891 677 920 edd.
702 894 852 920 matronae.

381 940 520 970 Proxima
539 942 697 971 trochaicis
714 943 890 980 septenariis
909 943 1019 981 scripta
1036 946 1113 971 sunt.
1159 943 1229 978 Quae
1247 953 1336 981 quum
1355 945 1414 973 iam

297 992 466 1031 Ladewigio
485 993 606 1022 turbata
629 995 691 1022 visa
715 996 822 1030 essent,
848 994 1025 1023 Ritschelius
1044 1004 1146 1023 versus
1161 995 1326 1024 592—627
1340 997 1413 1024 miro

297 1043 386 1073 modo
420 1045 499 1073 inter
531 1054 562 1073 se
596 1046 792 1084 transposuit.
854 1045 928 1074 Nam
962 1047 1090 1084 primum
1125 1046 1268 1075 excidisse
1302 1047 1415 1085 aliquid

297 1097 423 1134 putavit.
448 1097 545 1125 velut:

341 1146 436 1177 ΜΕΝ.
461 1148 600 1183 Quisnam
626 1148 673 1177 hic
696 1148 852 1187 loquitur?
876 1149 945 1186 quid
970 1158 1024 1185 ego
1047 1149 1156 1178 uideo?
1187 1159 1251 1178 meo
1274 1159 1337 1178 cum
1361 1160 1413 1188 pn-

1061 1201 1153 1229 rasito
1176 1201 1263 1229 simul

339 1251 421 1282 Uxor
444 1261 539 1281 eccam
564 1254 632 1280 ante
656 1251 737 1281 aedis
761 1251 880 1280 adstans
903 1251 976 1280 mihi
999 1253 1069 1280 facit
1092 1252 1302 1289 remeliginem‚

297 1307 361 1333 tum
386 1304 462 1339 610,
496 1303 547 1331 sed
579 1305 612 1330 ut
640 1313 694 1340 pro
722 1303 840 1339 „Nugas
864 1302 946 1340 agis“
973 1303 1098 1332 scribat:
1137 1306 1200 1338 „set
1223 1302 1413 1341 conloqusr“‚

299 1356 453 1390 614—15,
480 1355 634 1390 595-96,
660 1355 793 1388 608—-9,
819 1355 973 1389 611—13,
994 1356 1064 1391 594,
1085 1356 1259 1390 597—601,
1279 1356 1415 1391 603-7,

299 1409 369 1444 593,
390 1407 458 1442 592,
479 1406 634 1442 file—27,
656 1406 726 1441 602,
751 1406 848 1443 qualis
866 1406 998 1434 confusio
1018 1406 1166 1443 quomodo
1185 1408 1256 1435 oriri
1274 1407 1413 1444 potuerit,

297 1468 381 1488 nemo
415 1458 500 1487 facile
530 1457 681 1486 indicabit.
738 1457 899 1495 sequentes
928 1460 1024 1486 tamen
1055 1460 1083 1486 et
1114 1458 1327 1496 applaudentes
1353 1458 1414 1486 Rit-

297 1510 424 1539 schelius
450 1510 553 1538 habuit
576 1509 718 1544 Brixium,
744 1509 946 1540 Ribbeckium.
972 1509 1163 1545 Langenium.
1210 1509 1350 1538 Codicum
1369 1520 1414 1539 or-

298 1563 395 1591 dinem
429 1561 527 1590 tenuit
560 1561 742 1589 Fleckeisen.
766 1561 872 1590 Philol.
897 1561 924 1588 II
954 1571 983 1598 p.
1011 1561 1067 1589 109
1103 1563 1131 1588 et
1167 1571 1259 1598 nuper
1288 1561 1414 1590 Lorenz.

298 1613 466 1642 Jahresber.
486 1612 571 1641 XXII
595 1623 624 1650 p.
645 1613 693 1641 78.
740 1612 896 1650 Kiessling.
910 1611 975 1640 Ind.
989 1611 1232 1649 lect.G1·yphisw.
1249 1613 1414 1641 1881—82

299 1666 372 1694 duos
412 1665 469 1693 sibi
509 1667 644 1693 auctores
683 1663 841 1700 indagasse
875 1663 1041 1698 videbatur.
1087 1666 1119 1691 ut
1153 1663 1275 1692 alterius
1316 1667 1415 1692 essent

301 1717 476 1751 592-607,
512 1716 633 1744 alterius
663 1716 792 1753 reliqua,
826 1716 877 1744 sed
905 1719 1031 1752 utraque
1061 1715 1178 1747 mutila:
1215 1715 1334 1744 Vahlen.
1364 1725 1414 1754 po-

299 1771 434 1804 steriora,
459 1778 476 1796 a
498 1768 567 1802 608,
592 1767 742 1806 prioribus
765 1767 972 1805 anteponendo
992 1767 1136 1795 censebat.
1183 1767 1324 1795 Ribbeck.
1338 1767 1414 1795 Mus.

300 1819 373 1848 Phil.
397 1818 539 1847 XXXVII
562 1829 590 1856 p.
617 1820 675 1847 543
700 1829 743 1856 sq.
768 1821 862 1847 totum
886 1819 980 1846 locum
1005 1818 1131 1847 refinxit.

386 1873 455 1900 592.
492 1867 588 1901 illam.
619 1871 726 1908 pallam
752 1880 786 1898 ex
809 1881 836 1899 v.
863 1870 922 1898 588
946 1870 1030 1897 facile
1055 1869 1252 1905 intelligimus.
1299 1869 1416 1898 ecastor

299 1923 443 1951 Fleckeis.
469 1923 502 1951 R.
518 1937 552 1941 -
573 1918 739 1957 Ιέιρηθναΐο,
765 1932 790 1950 v.
816 1922 853 1950 nd
878 1922 957 1949 Asin.
985 1922 1055 1950 890.
1102 1921 1209 1949 Hiatur
1233 1922 1260 1948 in
1285 1920 1414 1956 diseresi3

300 1974 344 2003 Fl.
370 1975 402 2003 R.
433 1972 507 2010 „mi“
535 1973 657 2002 addunt.
688 1989 728 1993 —
760 1970 813 2002 Sic
836 1970 941 2007 datur,
974 1972 1111 2000 Peniculo
1135 1972 1196 2001 haec
1219 1972 1310 2001 verba
1333 1971 1414 2000 dedit

300 2025 453 2059 Gruterus
477 2027 527 2063 qui
550 2024 681 2060 ‚,ser1no“
704 2026 799 2062 inquit
822 2027 883 2060 „est
905 2025 1076 2061 castigantis
1099 2027 1127 2052 et
1151 2034 1250 2062 poeuas
1273 2025 1414 2052 sumentis

300 2081 352 2106 aut
381 2087 480 2115 paenas
511 2079 643 2115 sumptus
667 2087 728 2105 esse
752 2075 959 2112 grntulnntis“,
989 2086 1113 2114 quorum
1142 2076 1289 2113 posterius
1317 2076 1415 2104 verius

301 2132 361 2165 est;
385 2128 435 2157 sed
461 2128 532 2156 nihil
551 2128 658 2163 obstat,
683 2138 740 2165 quo
759 2129 854 2156 minus
873 2130 1014 2164 matrona,
1040 2130 1196 2165 postquam
1217 2127 1331 2165 alapam
1350 2127 1414 2156 viro
