<?xml version="1.0" encoding="UTF-8"?>
<!DOCTYPE html PUBLIC "-//W3C//DTD XHTML 1.0 Transitional//EN"
    "http://www.w3.org/TR/xhtml1/DTD/xhtml1-transitional.dtd">
<html xmlns="http://www.w3.org/1999/xhtml" xml:lang="en" lang="en">
 <head>
  <title>
</title>
<meta http-equiv="Content-Type" content="text/html;charset=utf-8" />
  <meta name='ocr-system' content='tesseract 3.04.00' />
  <meta name='ocr-capabilities' content='ocr_page ocr_carea ocr_par ocr_line ocrx_word'/>
</head>
<body>
  <div class='ocr_page' id='page_1' title='image "./comoediaerecensu03plauuoft_0363.png"; bbox 0 0 1596 2478; ppageno 0'>
   <div class='ocr_carea' id='block_1_1' title="bbox 133 191 1252 227">
    <p class='ocr_par' dir='ltr' id='par_1_1' title="bbox 133 191 1252 227">
     <span class='ocr_line' id='line_1_1' title="bbox 133 191 1252 227; baseline -0.004 -6"><span class='ocrx_word' id='word_1_1' title='bbox 133 194 167 227; x_wconf 79' lang='lat' dir='ltr'><strong>V,</strong></span> <span class='ocrx_word' id='word_1_2' title='bbox 188 195 210 226; x_wconf 83' lang='grc'><strong>1,</strong></span> <span class='ocrx_word' id='word_1_3' title='bbox 230 192 329 219; x_wconf 79' lang='lat'>14—26</span> <span class='ocrx_word' id='word_1_4' title='bbox 604 191 784 218; x_wconf 71' lang='lat' dir='ltr'>Mostellaria.</span> <span class='ocrx_word' id='word_1_5' title='bbox 1193 192 1252 222; x_wconf 84' lang='lat'><strong>145</strong></span> 
     </span>
    </p>
   </div>
   <div class='ocr_carea' id='block_1_2' title="bbox 136 283 1253 435">
    <p class='ocr_par' dir='ltr' id='par_1_2' title="bbox 136 283 1253 435">
     <span class='ocr_line' id='line_1_2' title="bbox 139 283 1253 327; baseline -0.004 -7"><span class='ocrx_word' id='word_1_6' title='bbox 139 286 389 327; x_wconf 81' lang='lat' dir='ltr'><strong>Praeoccupabo</strong></span> <span class='ocrx_word' id='word_1_7' title='bbox 402 289 501 326; x_wconf 82' lang='lat' dir='ltr'><strong>atque</strong></span> <span class='ocrx_word' id='word_1_8' title='bbox 513 285 730 324; x_wconf 63' lang='lat' dir='ltr'><strong>ammoniam,</strong></span> <span class='ocrx_word' id='word_1_9' title='bbox 744 289 781 317; x_wconf 88' lang='lat' dir='ltr'><strong>ut</strong></span> <span class='ocrx_word' id='word_1_10' title='bbox 793 285 906 317; x_wconf 86' lang='lat' dir='ltr'><strong>foedus</strong></span> <span class='ocrx_word' id='word_1_11' title='bbox 919 284 1042 316; x_wconf 75' lang='lat' dir='ltr'><strong>feriam.</strong></span> <span class='ocrx_word' id='word_1_12' title='bbox 1071 283 1122 316; x_wconf 89' lang='lat' dir='ltr'><strong>Me</strong></span> <span class='ocrx_word' id='word_1_13' title='bbox 1136 294 1253 315; x_wconf 91' lang='lat' dir='ltr'><strong>moror.</strong></span> 
     </span>
     <span class='ocr_line' id='line_1_3' title="bbox 137 338 1253 382; baseline -0.004 -9"><span class='ocrx_word' id='word_1_14' title='bbox 137 342 198 374; x_wconf 90' lang='lat' dir='ltr'><strong>Sed</strong></span> <span class='ocrx_word' id='word_1_15' title='bbox 222 340 303 382; x_wconf 76' lang='lat' dir='ltr'><strong>quid</strong></span> <span class='ocrx_word' id='word_1_16' title='bbox 324 340 384 371; x_wconf 89' lang='lat' dir='ltr'><strong>hoc</strong></span> <span class='ocrx_word' id='word_1_17' title='bbox 402 343 461 374; x_wconf 76' lang='lat' dir='ltr'><strong>est,</strong></span> <span class='ocrx_word' id='word_1_18' title='bbox 485 339 573 380; x_wconf 85' lang='lat' dir='ltr'><strong>quod</strong></span> <span class='ocrx_word' id='word_1_19' title='bbox 595 339 674 370; x_wconf 82' lang='lat' dir='ltr'><strong>foris</strong></span> <span class='ocrx_word' id='word_1_20' title='bbox 693 339 883 380; x_wconf 81' lang='lat' dir='ltr'><strong>concrepuit</strong></span> <span class='ocrx_word' id='word_1_21' title='bbox 901 347 1077 379; x_wconf 79' lang='lat' dir='ltr'>proxumae</span> <span class='ocrx_word' id='word_1_22' title='bbox 1096 338 1253 369; x_wconf 77' lang='lat' dir='ltr'><strong>uiciniae?</strong></span> 
     </span>
     <span class='ocr_line' id='line_1_4' title="bbox 136 392 1253 435; baseline -0.004 -7"><span class='ocrx_word' id='word_1_23' title='bbox 136 396 218 428; x_wconf 84' lang='lat' dir='ltr'>Erus</span> <span class='ocrx_word' id='word_1_24' title='bbox 242 405 334 426; x_wconf 90' lang='lat' dir='ltr'><strong>meus</strong></span> <span class='ocrx_word' id='word_1_25' title='bbox 352 394 403 425; x_wconf 89' lang='lat' dir='ltr'><strong>hic</strong></span> <span class='ocrx_word' id='word_1_26' title='bbox 421 393 552 435; x_wconf 88' lang='lat' dir='ltr'><strong>quidem</strong></span> <span class='ocrx_word' id='word_1_27' title='bbox 569 396 635 432; x_wconf 78' lang='lat' dir='ltr'><strong>est3</strong></span> <span class='ocrx_word' id='word_1_28' title='bbox 659 397 790 434; x_wconf 80' lang='lat' dir='ltr'><strong>gustare</strong></span> <span class='ocrx_word' id='word_1_29' title='bbox 809 404 868 433; x_wconf 86' lang='lat' dir='ltr'><strong>ego</strong></span> <span class='ocrx_word' id='word_1_30' title='bbox 881 393 950 424; x_wconf 86' lang='lat' dir='ltr'><strong>eius</strong></span> <span class='ocrx_word' id='word_1_31' title='bbox 968 402 1150 425; x_wconf 87' lang='lat' dir='ltr'><strong>sermonem</strong></span> <span class='ocrx_word' id='word_1_32' title='bbox 1167 392 1253 424; x_wconf 87' lang='lat' dir='ltr'><strong>uolo.</strong></span> 
     </span>
    </p>
   </div>
   <div class='ocr_carea' id='block_1_3' title="bbox 306 555 1090 588">
    <p class='ocr_par' dir='ltr' id='par_1_3' title="bbox 306 555 1090 588">
     <span class='ocr_line' id='line_1_5' title="bbox 306 555 1090 588; baseline 0 0"><span class='ocrx_word' id='word_1_33' title='bbox 306 555 642 588; x_wconf 88' lang='lat' dir='ltr'>THEOPROPIDES.</span> <span class='ocrx_word' id='word_1_34' title='bbox 688 555 858 588; x_wconf 87' lang='lat' dir='ltr'><strong>TRANIO.</strong></span> <span class='ocrx_word' id='word_1_35' title='bbox 905 555 1090 588; x_wconf 87' lang='lat' dir='ltr'><strong>LORARII.</strong></span> 
     </span>
    </p>
   </div>
   <div class='ocr_carea' id='block_1_4' title="bbox 136 641 1258 1021">
    <p class='ocr_par' dir='ltr' id='par_1_4' title="bbox 136 641 1258 1021">
     <span class='ocr_line' id='line_1_6' title="bbox 543 641 850 683; baseline -0.003 -9"><span class='ocrx_word' id='word_1_36' title='bbox 543 641 850 683; x_wconf 86' lang='lat' dir='ltr'>Theopropides</span> 
     </span>
     <span class='ocr_line' id='line_1_7' title="bbox 136 696 1256 737; baseline 0.001 -9"><span class='ocrx_word' id='word_1_37' title='bbox 136 697 214 728; x_wconf 89' lang='lat' dir='ltr'><strong>Ilico</strong></span> <span class='ocrx_word' id='word_1_38' title='bbox 227 698 313 728; x_wconf 85' lang='lat' dir='ltr'><strong>intra</strong></span> <span class='ocrx_word' id='word_1_39' title='bbox 325 697 422 728; x_wconf 89' lang='lat' dir='ltr'><strong>limen</strong></span> <span class='ocrx_word' id='word_1_40' title='bbox 442 697 499 728; x_wconf 77' lang='lat' dir='ltr'><strong>isti</strong></span> <span class='ocrx_word' id='word_1_41' title='bbox 517 696 657 733; x_wconf 73' lang='lat' dir='ltr'><strong>adstate,</strong></span> <span class='ocrx_word' id='word_1_42' title='bbox 678 699 722 734; x_wconf 80' lang='lat' dir='ltr'><strong>ut,</strong></span> <span class='ocrx_word' id='word_1_43' title='bbox 743 706 841 737; x_wconf 90' lang='lat' dir='ltr'><strong>quom</strong></span> <span class='ocrx_word' id='word_1_44' title='bbox 860 696 1022 736; x_wconf 76' lang='lat' dir='ltr'><strong>extemplo</strong></span> <span class='ocrx_word' id='word_1_45' title='bbox 1041 706 1164 734; x_wconf 91' lang='lat' dir='ltr'><strong>uocem,</strong></span> <span class='ocrx_word' id='word_1_46' title='bbox 1191 703 1256 729; x_wconf 77' lang='lat'><strong>1046</strong></span> 
     </span>
     <span class='ocr_line' id='line_1_8' title="bbox 137 750 1036 789; baseline -0.002 -6"><span class='ocrx_word' id='word_1_47' title='bbox 137 751 299 783; x_wconf 81' lang='lat' dir='ltr'>Continuo</span> <span class='ocrx_word' id='word_1_48' title='bbox 323 751 500 789; x_wconf 78' lang='lat' dir='ltr'><strong>exsiliatis3</strong></span> <span class='ocrx_word' id='word_1_49' title='bbox 524 751 668 782; x_wconf 83' lang='lat' dir='ltr'><strong>manicas</strong></span> <span class='ocrx_word' id='word_1_50' title='bbox 692 750 842 782; x_wconf 84' lang='lat' dir='ltr'><strong>celeriter</strong></span> <span class='ocrx_word' id='word_1_51' title='bbox 866 751 1036 783; x_wconf 85' lang='lat' dir='ltr'><strong>conectite.</strong></span> 
     </span>
     <span class='ocr_line' id='line_1_9' title="bbox 138 804 1193 846; baseline -0.003 -8"><span class='ocrx_word' id='word_1_52' title='bbox 138 806 207 846; x_wconf 84' lang='lat' dir='ltr'><strong>Ego</strong></span> <span class='ocrx_word' id='word_1_53' title='bbox 232 806 323 838; x_wconf 88' lang='lat' dir='ltr'><strong>illum</strong></span> <span class='ocrx_word' id='word_1_54' title='bbox 347 808 423 837; x_wconf 82' lang='lat' dir='ltr'><strong>ante</strong></span> <span class='ocrx_word' id='word_1_55' title='bbox 447 805 538 837; x_wconf 85' lang='lat' dir='ltr'><strong>aedis</strong></span> <span class='ocrx_word' id='word_1_56' title='bbox 561 805 790 846; x_wconf 80' lang='lat' dir='ltr'><strong>praestolabor</strong></span> <span class='ocrx_word' id='word_1_57' title='bbox 812 804 1052 836; x_wconf 87' lang='lat' dir='ltr'><strong>ludificatorem</strong></span> <span class='ocrx_word' id='word_1_58' title='bbox 1076 815 1193 841; x_wconf 79' lang='lat' dir='ltr'><strong>meum,</strong></span> 
     </span>
     <span class='ocr_line' id='line_1_10' title="bbox 138 858 1138 900; baseline -0.002 -8"><span class='ocrx_word' id='word_1_59' title='bbox 138 861 262 899; x_wconf 87' lang='lat' dir='ltr'><strong>Quoius</strong></span> <span class='ocrx_word' id='word_1_60' title='bbox 287 871 345 900; x_wconf 83' lang='lat' dir='ltr'><strong>ego</strong></span> <span class='ocrx_word' id='word_1_61' title='bbox 368 859 465 891; x_wconf 91' lang='lat' dir='ltr'><strong>hodie</strong></span> <span class='ocrx_word' id='word_1_62' title='bbox 488 859 685 891; x_wconf 79' lang='lat' dir='ltr'><strong>ludificabor</strong></span> <span class='ocrx_word' id='word_1_63' title='bbox 709 859 844 896; x_wconf 83' lang='lat' dir='ltr'><strong>corium,</strong></span> <span class='ocrx_word' id='word_1_64' title='bbox 868 859 894 890; x_wconf 85' lang='lat' dir='ltr'><strong>si</strong></span> <span class='ocrx_word' id='word_1_65' title='bbox 918 860 1003 897; x_wconf 86' lang='lat' dir='ltr'><strong>uiuo,</strong></span> <span class='ocrx_word' id='word_1_66' title='bbox 1027 858 1138 900; x_wconf 86' lang='lat' dir='ltr'><strong>probe.</strong></span> 
     </span>
     <span class='ocr_line' id='line_1_11' title="bbox 622 925 766 957; baseline -0.007 0"><span class='ocrx_word' id='word_1_67' title='bbox 622 925 766 957; x_wconf 75' lang='lat' dir='ltr'><strong>Tranio</strong></span> 
     </span>
     <span class='ocr_line' id='line_1_12' title="bbox 138 978 1258 1021; baseline 0 -9"><span class='ocrx_word' id='word_1_68' title='bbox 138 980 202 1012; x_wconf 86' lang='lat' dir='ltr'><strong>Res</strong></span> <span class='ocrx_word' id='word_1_69' title='bbox 215 980 324 1021; x_wconf 83' lang='lat' dir='ltr'><strong>palam</strong></span> <span class='ocrx_word' id='word_1_70' title='bbox 338 983 403 1019; x_wconf 87' lang='lat' dir='ltr'><strong>est;</strong></span> <span class='ocrx_word' id='word_1_71' title='bbox 423 991 508 1012; x_wconf 89' lang='lat' dir='ltr'><strong>nunc</strong></span> <span class='ocrx_word' id='word_1_72' title='bbox 526 983 558 1012; x_wconf 81' lang='lat' dir='ltr'><strong>te</strong></span> <span class='ocrx_word' id='word_1_73' title='bbox 571 980 685 1012; x_wconf 90' lang='lat' dir='ltr'><strong>uidere</strong></span> <span class='ocrx_word' id='word_1_74' title='bbox 699 979 838 1017; x_wconf 78' lang='lat' dir='ltr'><strong>meliust,</strong></span> <span class='ocrx_word' id='word_1_75' title='bbox 852 978 931 1019; x_wconf 87' lang='lat' dir='ltr'><strong>quid</strong></span> <span class='ocrx_word' id='word_1_76' title='bbox 945 988 1033 1018; x_wconf 83' lang='lat' dir='ltr'><strong>agas,</strong></span> <span class='ocrx_word' id='word_1_77' title='bbox 1047 978 1175 1011; x_wconf 81' lang='lat' dir='ltr'><strong>Tranio.</strong></span> <span class='ocrx_word' id='word_1_78' title='bbox 1191 987 1258 1012; x_wconf 81' lang='lat'>1050</span> 
     </span>
    </p>
   </div>
   <div class='ocr_carea' id='block_1_5' title="bbox 139 1045 1259 1293">
    <p class='ocr_par' dir='ltr' id='par_1_5' title="bbox 139 1045 1259 1293">
     <span class='ocr_line' id='line_1_13' title="bbox 553 1045 844 1084; baseline -0.007 -7"><span class='ocrx_word' id='word_1_79' title='bbox 553 1045 844 1084; x_wconf 72' lang='lat' dir='ltr'><strong>Theopropides</strong></span> 
     </span>
     <span class='ocr_line' id='line_1_14' title="bbox 139 1098 1259 1142; baseline -0.002 -10"><span class='ocrx_word' id='word_1_80' title='bbox 139 1101 241 1133; x_wconf 82' lang='lat' dir='ltr'><strong>Docte</strong></span> <span class='ocrx_word' id='word_1_81' title='bbox 266 1104 365 1142; x_wconf 79' lang='lat' dir='ltr'><strong>atque</strong></span> <span class='ocrx_word' id='word_1_82' title='bbox 389 1104 461 1133; x_wconf 80' lang='lat' dir='ltr'><strong>astu</strong></span> <span class='ocrx_word' id='word_1_83' title='bbox 479 1099 558 1132; x_wconf 85' lang='lat' dir='ltr'><strong>mihi</strong></span> <span class='ocrx_word' id='word_1_84' title='bbox 576 1099 776 1141; x_wconf 83' lang='lat' dir='ltr'><strong>captandum</strong></span> <span class='ocrx_word' id='word_1_85' title='bbox 794 1103 845 1131; x_wconf 85' lang='lat' dir='ltr'><strong>est</strong></span> <span class='ocrx_word' id='word_1_86' title='bbox 864 1109 936 1131; x_wconf 86' lang='lat' dir='ltr'><strong>cum</strong></span> <span class='ocrx_word' id='word_1_87' title='bbox 954 1099 1023 1137; x_wconf 84' lang='lat' dir='ltr'><strong>illo,</strong></span> <span class='ocrx_word' id='word_1_88' title='bbox 1047 1099 1103 1131; x_wconf 88' lang='lat' dir='ltr'><strong>ubi</strong></span> <span class='ocrx_word' id='word_1_89' title='bbox 1121 1098 1186 1130; x_wconf 88' lang='lat' dir='ltr'><strong>huc</strong></span> <span class='ocrx_word' id='word_1_90' title='bbox 1203 1098 1259 1130; x_wconf 85' lang='lat' dir='ltr'><strong>ad·</strong></span> 
     </span>
     <span class='ocr_line' id='line_1_15' title="bbox 852 1154 991 1185; baseline 0 0"><span class='ocrx_word' id='word_1_91' title='bbox 852 1154 991 1185; x_wconf 83' lang='lat' dir='ltr'><strong>uenerit.</strong></span> 
     </span>
     <span class='ocr_line' id='line_1_16' title="bbox 141 1207 1259 1250; baseline -0.003 -9"><span class='ocrx_word' id='word_1_92' title='bbox 141 1210 211 1242; x_wconf 90' lang='lat' dir='ltr'><strong>Non</strong></span> <span class='ocrx_word' id='word_1_93' title='bbox 241 1220 299 1250; x_wconf 87' lang='lat' dir='ltr'><strong>ego</strong></span> <span class='ocrx_word' id='word_1_94' title='bbox 331 1209 379 1241; x_wconf 92' lang='lat' dir='ltr'><strong>illi</strong></span> <span class='ocrx_word' id='word_1_95' title='bbox 409 1209 571 1250; x_wconf 78' lang='lat' dir='ltr'><strong>extemplo</strong></span> <span class='ocrx_word' id='word_1_96' title='bbox 600 1208 733 1240; x_wconf 86' lang='lat' dir='ltr'><strong>hamum</strong></span> <span class='ocrx_word' id='word_1_97' title='bbox 762 1207 948 1246; x_wconf 81' lang='lat' dir='ltr'><strong>ostendam3</strong></span> <span class='ocrx_word' id='word_1_98' title='bbox 984 1207 1100 1239; x_wconf 82' lang='lat' dir='ltr'><strong>sensim</strong></span> <span class='ocrx_word' id='word_1_99' title='bbox 1131 1207 1259 1238; x_wconf 83' lang='lat' dir='ltr'><strong>mittam</strong></span> 
     </span>
     <span class='ocr_line' id='line_1_17' title="bbox 854 1261 982 1293; baseline 0 0"><span class='ocrx_word' id='word_1_100' title='bbox 854 1261 982 1293; x_wconf 77' lang='lat' dir='ltr'><strong>lineam.</strong></span> 
     </span>
    </p>
   </div>
   <div class='ocr_carea' id='block_1_6' title="bbox 141 1317 891 1358">
    <p class='ocr_par' dir='ltr' id='par_1_6' title="bbox 141 1317 891 1358">
     <span class='ocr_line' id='line_1_18' title="bbox 141 1317 891 1358; baseline -0.003 -8"><span class='ocrx_word' id='word_1_101' title='bbox 141 1318 360 1350; x_wconf 87' lang='lat' dir='ltr'><strong>Dissimulabo</strong></span> <span class='ocrx_word' id='word_1_102' title='bbox 385 1329 435 1350; x_wconf 90' lang='lat' dir='ltr'><strong>me</strong></span> <span class='ocrx_word' id='word_1_103' title='bbox 458 1318 573 1350; x_wconf 91' lang='lat' dir='ltr'><strong>horum</strong></span> <span class='ocrx_word' id='word_1_104' title='bbox 596 1317 776 1358; x_wconf 85' lang='lat' dir='ltr'><strong>quidquam</strong></span> <span class='ocrx_word' id='word_1_105' title='bbox 799 1317 891 1349; x_wconf 85' lang='lat' dir='ltr'><strong>scire.</strong></span> 
     </span>
    </p>
   </div>
   <div class='ocr_carea' id='block_1_7' title="bbox 141 1383 1262 1699">
    <p class='ocr_par' dir='ltr' id='par_1_7' title="bbox 141 1383 1262 1699">
     <span class='ocr_line' id='line_1_19' title="bbox 626 1383 771 1415; baseline 0 -1"><span class='ocrx_word' id='word_1_106' title='bbox 626 1383 771 1415; x_wconf 79' lang='lat' dir='ltr'><strong>Tranio</strong></span> 
     </span>
     <span class='ocr_line' id='line_1_20' title="bbox 888 1436 1260 1468; baseline -0.005 0"><span class='ocrx_word' id='word_1_107' title='bbox 888 1437 914 1468; x_wconf 95' lang='lat' dir='ltr'>O</span> <span class='ocrx_word' id='word_1_108' title='bbox 939 1436 1109 1468; x_wconf 79' lang='lat' dir='ltr'><strong>mortalem</strong></span> <span class='ocrx_word' id='word_1_109' title='bbox 1131 1436 1260 1467; x_wconf 81' lang='lat' dir='ltr'><strong>malum.</strong></span> 
     </span>
     <span class='ocr_line' id='line_1_21' title="bbox 141 1492 975 1532; baseline -0.006 -5"><span class='ocrx_word' id='word_1_110' title='bbox 141 1496 232 1527; x_wconf 82' lang='lat' dir='ltr'><strong>Alter</strong></span> <span class='ocrx_word' id='word_1_111' title='bbox 254 1494 315 1527; x_wconf 93' lang='lat' dir='ltr'><strong>hoc</strong></span> <span class='ocrx_word' id='word_1_112' title='bbox 338 1494 474 1526; x_wconf 77' lang='lat' dir='ltr'><strong>Athenis</strong></span> <span class='ocrx_word' id='word_1_113' title='bbox 497 1504 592 1525; x_wconf 89' lang='lat' dir='ltr'><strong>nemo</strong></span> <span class='ocrx_word' id='word_1_114' title='bbox 616 1492 742 1524; x_wconf 80' lang='lat' dir='ltr'><strong>doctior</strong></span> <span class='ocrx_word' id='word_1_115' title='bbox 765 1492 828 1523; x_wconf 90' lang='lat' dir='ltr'><strong>dici</strong></span> <span class='ocrx_word' id='word_1_116' title='bbox 852 1494 975 1532; x_wconf 83' lang='lat' dir='ltr'><strong>potest3</strong></span> 
     </span>
     <span class='ocr_line' id='line_1_22' title="bbox 142 1544 1262 1588; baseline -0.005 -7"><span class='ocrx_word' id='word_1_117' title='bbox 142 1549 251 1582; x_wconf 81' lang='lat' dir='ltr'><strong>Uerba</strong></span> <span class='ocrx_word' id='word_1_118' title='bbox 278 1549 326 1580; x_wconf 89' lang='lat' dir='ltr'><strong>illi</strong></span> <span class='ocrx_word' id='word_1_119' title='bbox 355 1560 418 1580; x_wconf 92' lang='lat' dir='ltr'><strong>non</strong></span> <span class='ocrx_word' id='word_1_120' title='bbox 449 1549 552 1588; x_wconf 80' lang='lat' dir='ltr'><strong>magis</strong></span> <span class='ocrx_word' id='word_1_121' title='bbox 584 1547 663 1579; x_wconf 87' lang='lat' dir='ltr'><strong>dare</strong></span> <span class='ocrx_word' id='word_1_122' title='bbox 693 1546 791 1579; x_wconf 90' lang='lat' dir='ltr'><strong>hodie</strong></span> <span class='ocrx_word' id='word_1_123' title='bbox 821 1546 992 1586; x_wconf 85' lang='lat' dir='ltr'><strong>quisquam</strong></span> <span class='ocrx_word' id='word_1_124' title='bbox 1027 1555 1124 1585; x_wconf 85' lang='lat' dir='ltr'><strong>quam</strong></span> <span class='ocrx_word' id='word_1_125' title='bbox 1159 1544 1262 1585; x_wconf 75' lang='lat' dir='ltr'><strong>lapidi</strong></span> 
     </span>
     <span class='ocr_line' id='line_1_23' title="bbox 855 1603 1262 1641; baseline 0.002 -10"><span class='ocrx_word' id='word_1_126' title='bbox 855 1603 974 1641; x_wconf 79' lang='lat' dir='ltr'><strong>potest.</strong></span> <span class='ocrx_word' id='word_1_127' title='bbox 1197 1606 1262 1632; x_wconf 85' lang='lat'>1055</span> 
     </span>
     <span class='ocr_line' id='line_1_24' title="bbox 142 1655 731 1699; baseline -0.005 -9"><span class='ocrx_word' id='word_1_128' title='bbox 142 1657 324 1699; x_wconf 84' lang='lat' dir='ltr'><strong>Adgrediar</strong></span> <span class='ocrx_word' id='word_1_129' title='bbox 347 1657 525 1696; x_wconf 87' lang='lat' dir='ltr'><strong>hominem;</strong></span> <span class='ocrx_word' id='word_1_130' title='bbox 548 1655 731 1697; x_wconf 83' lang='lat' dir='ltr'><strong>adpellabo.</strong></span> 
     </span>
    </p>
   </div>
   <div class='ocr_carea' id='block_1_8' title="bbox 552 1727 1263 1822">
    <p class='ocr_par' dir='ltr' id='par_1_8' title="bbox 552 1727 1263 1822">
     <span class='ocr_line' id='line_1_25' title="bbox 552 1727 864 1768; baseline -0.003 -9"><span class='ocrx_word' id='word_1_131' title='bbox 552 1727 864 1768; x_wconf 86' lang='lat' dir='ltr'><strong>Theopropides</strong></span> 
     </span>
     <span class='ocr_line' id='line_1_26' title="bbox 654 1778 1263 1822; baseline -0.007 -9"><span class='ocrx_word' id='word_1_132' title='bbox 654 1781 748 1813; x_wconf 89' lang='lat' dir='ltr'><strong>Nunc</strong></span> <span class='ocrx_word' id='word_1_133' title='bbox 771 1791 832 1822; x_wconf 84' lang='lat' dir='ltr'><strong>ego</strong></span> <span class='ocrx_word' id='word_1_134' title='bbox 856 1780 912 1812; x_wconf 90' lang='lat' dir='ltr'><strong>ille</strong></span> <span class='ocrx_word' id='word_1_135' title='bbox 934 1779 998 1811; x_wconf 90' lang='lat' dir='ltr'><strong>huc</strong></span> <span class='ocrx_word' id='word_1_136' title='bbox 1020 1779 1134 1810; x_wconf 83' lang='lat' dir='ltr'><strong>ueniat</strong></span> <span class='ocrx_word' id='word_1_137' title='bbox 1155 1778 1263 1810; x_wconf 87' lang='lat' dir='ltr'><strong>uelim.</strong></span> 
     </span>
    </p>
   </div>
   <div class='ocr_carea' id='block_1_9' title="bbox 147 1845 367 1849">
    <p class='ocr_par' dir='ltr' id='par_1_9' title="bbox 147 1845 367 1849">
     <span class='ocr_line' id='line_1_27' title="bbox 147 1845 367 1849; baseline 0 0"><span class='ocrx_word' id='word_1_138' title='bbox 147 1845 367 1849; x_wconf 95' lang='lat' dir='ltr'><strong> </strong></span> 
     </span>
    </p>
   </div>
   <div class='ocr_carea' id='block_1_10' title="bbox 144 1879 1272 2174">
    <p class='ocr_par' dir='ltr' id='par_1_10' title="bbox 144 1879 1272 2174">
     <span class='ocr_line' id='line_1_28' title="bbox 212 1879 1264 1920; baseline -0.008 -7"><span class='ocrx_word' id='word_1_139' title='bbox 212 1888 278 1914; x_wconf 78' lang='lat'>1043</span> <span class='ocrx_word' id='word_1_140' title='bbox 295 1887 501 1920; x_wconf 68' lang='lat' dir='ltr'><strong>praeoccupato</strong></span> <span class='ocrx_word' id='word_1_141' title='bbox 572 1886 599 1910; x_wconf 88' lang='lat' dir='ltr'><strong>et</strong></span> <span class='ocrx_word' id='word_1_142' title='bbox 671 1884 736 1910; x_wconf 84' lang='lat'>1044</span> <span class='ocrx_word' id='word_1_143' title='bbox 754 1883 802 1917; x_wconf 82' lang='lat' dir='ltr'><strong>qui</strong></span> <span class='ocrx_word' id='word_1_144' title='bbox 874 1881 1001 1915; x_wconf 81' lang='lat' dir='ltr'><strong>proxima</strong></span> <span class='ocrx_word' id='word_1_145' title='bbox 1077 1880 1181 1907; x_wconf 82' lang='lat' dir='ltr'><strong>uicinia</strong></span> <span class='ocrx_word' id='word_1_146' title='bbox 1199 1879 1264 1911; x_wconf 78' lang='lat' dir='ltr'><strong>AB,</strong></span> 
     </span>
     <span class='ocr_line' id='line_1_29' title="bbox 144 1922 1265 1958; baseline -0.007 -1"><span class='ocrx_word' id='word_1_147' title='bbox 144 1931 235 1956; x_wconf 78' lang='lat' dir='ltr'><strong>uicina</strong></span> <span class='ocrx_word' id='word_1_148' title='bbox 255 1930 276 1957; x_wconf 83' lang='grc' dir='ltr'>Ο</span> <span class='ocrx_word' id='word_1_149' title='bbox 329 1930 392 1955; x_wconf 80' lang='lat'>1045</span> <span class='ocrx_word' id='word_1_150' title='bbox 412 1929 494 1955; x_wconf 83' lang='lat' dir='ltr'><strong>Serus</strong></span> <span class='ocrx_word' id='word_1_151' title='bbox 512 1927 539 1954; x_wconf 91' lang='lat' dir='ltr'><em>B</em></span> <span class='ocrx_word' id='word_1_152' title='bbox 592 1935 720 1953; x_wconf 85' lang='lat' dir='ltr'><strong>sermone</strong></span> <span class='ocrx_word' id='word_1_153' title='bbox 741 1926 763 1953; x_wconf 80' lang='grc' dir='ltr'><em>Ο</em></span> <span class='ocrx_word' id='word_1_154' title='bbox 812 1924 1024 1958; x_wconf 74' lang='lat' dir='ltr'><strong>Inscriptionem</strong></span> <span class='ocrx_word' id='word_1_155' title='bbox 1041 1931 1129 1950; x_wconf 75' lang='lat' dir='ltr'><strong>scenoe</strong></span> <span class='ocrx_word' id='word_1_156' title='bbox 1146 1931 1196 1950; x_wconf 84' lang='lat' dir='ltr'><strong>om.</strong></span> <span class='ocrx_word' id='word_1_157' title='bbox 1206 1922 1265 1954; x_wconf 86' lang='lat' dir='ltr'><strong>BC,</strong></span> 
     </span>
     <span class='ocr_line' id='line_1_30' title="bbox 144 1966 1207 2001; baseline -0.008 -2"><span class='ocrx_word' id='word_1_158' title='bbox 144 1972 400 1999; x_wconf 79' lang='lat' dir='ltr'>THEUROPIDES</span> <span class='ocrx_word' id='word_1_159' title='bbox 419 1972 446 1998; x_wconf 77' lang='lat' dir='ltr'><strong><em>A</em></strong></span> <span class='ocrx_word' id='word_1_160' title='bbox 503 1971 569 1996; x_wconf 78' lang='grc'><strong>1046</strong></span> <span class='ocrx_word' id='word_1_161' title='bbox 587 1971 714 1996; x_wconf 76' lang='lat' dir='ltr'><strong>istastate</strong></span> <span class='ocrx_word' id='word_1_162' title='bbox 733 1969 767 2001; x_wconf 73' lang='lat' dir='ltr'><strong>A,</strong></span> <span class='ocrx_word' id='word_1_163' title='bbox 787 1970 877 1995; x_wconf 79' lang='lat' dir='ltr'><strong>astate</strong></span> <span class='ocrx_word' id='word_1_164' title='bbox 896 1968 953 1993; x_wconf 86' lang='lat' dir='ltr'><strong>illie</strong></span> <span class='ocrx_word' id='word_1_165' title='bbox 973 1966 1023 1993; x_wconf 81' lang='lat' dir='ltr'><strong>Bc</strong></span> <span class='ocrx_word' id='word_1_166' title='bbox 1078 1966 1207 2000; x_wconf 83' lang='lat' dir='ltr'><strong>exemplo</strong></span> 
     </span>
     <span class='ocr_line' id='line_1_31' title="bbox 149 2008 1268 2047; baseline -0.008 -5"><span class='ocrx_word' id='word_1_167' title='bbox 149 2018 212 2042; x_wconf 80' lang='lat'>1047</span> <span class='ocrx_word' id='word_1_168' title='bbox 230 2016 347 2042; x_wconf 83' lang='lat' dir='ltr'><strong>manilas</strong></span> <span class='ocrx_word' id='word_1_169' title='bbox 402 2016 468 2041; x_wconf 78' lang='lat'>1048</span> <span class='ocrx_word' id='word_1_170' title='bbox 486 2014 650 2047; x_wconf 81' lang='lat' dir='ltr'><strong>praestabor</strong></span> <span class='ocrx_word' id='word_1_171' title='bbox 668 2013 701 2045; x_wconf 86' lang='lat' dir='ltr'><strong>B,</strong></span> <span class='ocrx_word' id='word_1_172' title='bbox 721 2011 873 2046; x_wconf 78' lang='lat' dir='ltr'><strong>praestabo</strong></span> <span class='ocrx_word' id='word_1_173' title='bbox 885 2010 907 2036; x_wconf 89' lang='lat' dir='ltr'><strong><em>C</em></strong></span> <span class='ocrx_word' id='word_1_174' title='bbox 960 2010 1025 2035; x_wconf 83' lang='lat'>1049</span> <span class='ocrx_word' id='word_1_175' title='bbox 1043 2009 1147 2035; x_wconf 72' lang='lat' dir='ltr'><strong>115ch</strong></span> <span class='ocrx_word' id='word_1_176' title='bbox 1199 2008 1268 2034; x_wconf 89' lang='lat' dir='ltr'><strong>ludi-</strong></span> 
     </span>
     <span class='ocr_line' id='line_1_32' title="bbox 147 2051 1268 2086; baseline -0.009 0"><span class='ocrx_word' id='word_1_177' title='bbox 147 2058 234 2086; x_wconf 82' lang='lat' dir='ltr'><strong>ficabo</strong></span> <span class='ocrx_word' id='word_1_178' title='bbox 255 2060 276 2085; x_wconf 84' lang='lat' dir='ltr'><em>C</em></span> <span class='ocrx_word' id='word_1_179' title='bbox 336 2059 402 2084; x_wconf 85' lang='lat'>1050</span> <span class='ocrx_word' id='word_1_180' title='bbox 420 2057 476 2084; x_wconf 83' lang='lat' dir='ltr'><strong>TR.</strong></span> <span class='ocrx_word' id='word_1_181' title='bbox 496 2065 546 2084; x_wconf 84' lang='lat' dir='ltr'><strong>om.</strong></span> <span class='ocrx_word' id='word_1_182' title='bbox 609 2057 671 2082; x_wconf 84' lang='grc'><strong>1051</strong></span> <span class='ocrx_word' id='word_1_183' title='bbox 693 2055 750 2081; x_wconf 87' lang='grc' dir='ltr'><strong>ΤΗ.</strong></span> <span class='ocrx_word' id='word_1_184' title='bbox 770 2063 819 2081; x_wconf 85' lang='lat' dir='ltr'><strong>om.</strong></span> <span class='ocrx_word' id='word_1_185' title='bbox 877 2055 966 2079; x_wconf 73' lang='lat' dir='ltr'><strong>astute</strong></span> <span class='ocrx_word' id='word_1_186' title='bbox 1018 2052 1082 2078; x_wconf 84' lang='lat' dir='ltr'><strong>illoc</strong></span> <span class='ocrx_word' id='word_1_187' title='bbox 1099 2051 1150 2078; x_wconf 81' lang='lat' dir='ltr'><strong>Bc</strong></span> <span class='ocrx_word' id='word_1_188' title='bbox 1203 2052 1268 2077; x_wconf 82' lang='lat'>1052</span> 
     </span>
     <span class='ocr_line' id='line_1_33' title="bbox 148 2095 1188 2132; baseline -0.008 -4"><span class='ocrx_word' id='word_1_189' title='bbox 148 2102 187 2128; x_wconf 71' lang='lat' dir='ltr'><strong>ita</strong></span> <span class='ocrx_word' id='word_1_190' title='bbox 204 2111 278 2128; x_wconf 87' lang='lat' dir='ltr'><strong>mum</strong></span> <span class='ocrx_word' id='word_1_191' title='bbox 298 2101 333 2132; x_wconf 82' lang='grc' dir='ltr'><strong>Β,</strong></span> <span class='ocrx_word' id='word_1_192' title='bbox 353 2102 392 2127; x_wconf 76' lang='lat' dir='ltr'><strong>ita</strong></span> <span class='ocrx_word' id='word_1_193' title='bbox 409 2109 500 2126; x_wconf 85' lang='lat' dir='ltr'><strong>meum</strong></span> <span class='ocrx_word' id='word_1_194' title='bbox 521 2099 542 2126; x_wconf 86' lang='lat' dir='ltr'><strong><em>C</em></strong></span> <span class='ocrx_word' id='word_1_195' title='bbox 615 2098 733 2125; x_wconf 88' lang='lat' dir='ltr'><strong>sens.B</strong></span> <span class='ocrx_word' id='word_1_196' title='bbox 751 2105 863 2124; x_wconf 81' lang='lat' dir='ltr'><strong>sensum</strong></span> <span class='ocrx_word' id='word_1_197' title='bbox 883 2095 905 2122; x_wconf 85' lang='grc' dir='ltr'><em>Ο</em></span> <span class='ocrx_word' id='word_1_198' title='bbox 980 2096 1045 2121; x_wconf 83' lang='grc'><strong>1053</strong></span> <span class='ocrx_word' id='word_1_199' title='bbox 1063 2095 1120 2121; x_wconf 86' lang='lat' dir='ltr'><strong>TR.</strong></span> <span class='ocrx_word' id='word_1_200' title='bbox 1138 2102 1188 2121; x_wconf 84' lang='lat' dir='ltr'><strong>om.</strong></span> 
     </span>
     <span class='ocr_line' id='line_1_34' title="bbox 148 2135 1272 2174; baseline -0.008 -3"><span class='ocrx_word' id='word_1_201' title='bbox 148 2145 263 2170; x_wconf 79' lang='lat' dir='ltr'><strong>mortale</strong></span> <span class='ocrx_word' id='word_1_202' title='bbox 341 2146 405 2170; x_wconf 83' lang='lat'>1054</span> <span class='ocrx_word' id='word_1_203' title='bbox 423 2144 511 2170; x_wconf 86' lang='lat' dir='ltr'><strong>Aliter</strong></span> <span class='ocrx_word' id='word_1_204' title='bbox 586 2143 651 2168; x_wconf 80' lang='lat'>1055</span> <span class='ocrx_word' id='word_1_205' title='bbox 670 2150 726 2168; x_wconf 88' lang='lat' dir='ltr'><strong>non</strong></span> <span class='ocrx_word' id='word_1_206' title='bbox 745 2140 835 2174; x_wconf 84' lang='lat' dir='ltr'><strong>mugis</strong></span> <span class='ocrx_word' id='word_1_207' title='bbox 854 2139 937 2165; x_wconf 85' lang='lat' dir='ltr'><strong>hodie</strong></span> <span class='ocrx_word' id='word_1_208' title='bbox 956 2137 1008 2164; x_wconf 83' lang='lat' dir='ltr'><strong>BG</strong></span> <span class='ocrx_word' id='word_1_209' title='bbox 1074 2143 1227 2171; x_wconf 59' lang='lat' dir='ltr'><strong>que-isquam</strong></span> <span class='ocrx_word' id='word_1_210' title='bbox 1250 2135 1272 2163; x_wconf 85' lang='lat' dir='ltr'><em>C</em></span> 
     </span>
    </p>
   </div>
   <div class='ocr_carea' id='block_1_11' title="bbox 1034 2193 1065 2218">
    <p class='ocr_par' dir='ltr' id='par_1_11' title="bbox 1034 2193 1065 2218">
     <span class='ocr_line' id='line_1_35' title="bbox 1034 2193 1065 2218; baseline 0 0"><span class='ocrx_word' id='word_1_211' title='bbox 1034 2193 1065 2218; x_wconf 88' lang='lat'><strong>10</strong></span> 
     </span>
    </p>
   </div>
   <div class='ocr_carea' id='block_1_12' title="bbox 1553 0 1596 2124">
    <p class='ocr_par' dir='ltr' id='par_1_12' title="bbox 1553 0 1596 2124">
     <span class='ocr_line' id='line_1_36' title="bbox 1553 0 1596 2124; baseline 0 0"><span class='ocrx_word' id='word_1_212' title='bbox 1553 0 1596 2124; x_wconf 95' lang='lat' dir='ltr'><strong> </strong></span> 
     </span>
    </p>
   </div>
  </div>
 </body>
</html>
